2298 3684
357 233 511 280 tuoruum
527 231 632 276 uuum,
856 215 891 272 91

93 361 227 433 Vestem,
244 362 374 432 uniones,
390 382 502 434 eurum,
517 371 668 440 argentum
683 372 820 436 sumeret,

92 461 159 520 Nec
173 460 311 524 inveniret
324 459 416 538 digito
430 460 481 537 qui
496 479 526 520 se
539 469 690 537 tangeret:

89 565 113 591 “
127 557 246 618 Licetne
257 557 356 636 paucis
366 557 397 616 t’'
418 557 573 634 iuquit—“
586 555 756 616 Dicas’'-“
770 555 895 629 Censeo,

92 653 220 722 Quidvis
234 654 351 727 efficieS,
366 655 479 718 cultum
494 654 518 714 si
532 653 727 734 deposueris.’'

93 757 116 785 “
132 751 253 811 Adeone
266 771 317 830 per
331 771 377 812 me
390 752 488 812 videor
501 751 553 810 tibi
566 751 738 810 meliuscula
746 751 779 810 t’

92 855 113 880 “
132 848 206 918 Imo,
220 847 274 906 uisi
288 847 411 920 dederis,
425 847 539 926 sponda
553 848 677 908 cessabit
690 857 742 906 tua
751 847 778 907 :’'

93 952 113 977 ‘⁸
133 944 173 1003 At
186 964 244 1003 non
258 945 415 1010 cessabunt
429 944 548 1016 latera,''
563 945 720 1023 respondit,
735 951 756 980 “
771 945 851 1005 tua.’'

92 1039 133 1100 Et
148 1041 292 1122 objurgari
303 1041 391 1122 jussit
402 1061 514 1102 servum
528 1041 685 1120 garrulum.
855 1061 894 1102 sse

94 1137 202 1198 Paullo
215 1151 283 1218 post
294 1139 436 1200 armillam
449 1140 556 1200 tollunt
570 1143 736 1218 argenteum
749 1161 757 1200 :

91 1235 169 1296 Eam
185 1257 243 1296 non
259 1257 395 1316 apparere
410 1247 442 1296 ut
455 1238 565 1298 dictum
580 1249 625 1298 est
638 1238 760 1311 mulieri,

94 1335 206 1394 Furore
221 1336 308 1414 plena
322 1344 407 1394 voest
420 1355 521 1395 omnes
534 1335 571 1396 ad
585 1337 711 1407 verbera,

94 1431 236 1511 Proponit
250 1435 363 1510 gravio,
378 1451 476 1490 verum
491 1432 515 1490 si
529 1452 587 1491 nou
601 1432 737 1492 dixerint.

94 1537 114 1562 ‘⁴
133 1529 205 1588 Aliis
219 1529 358 1600 minare‚’'
371 1528 475 1607 inquit,
491 1536 510 1564 “
527 1548 574 1588 me
589 1548 648 1588 nou
661 1528 737 1588 fallis
751 1529 881 1607 quidem,

94 1625 207 1704 Flagris
222 1645 284 1685 sum
303 1645 408 1696 caesus,
425 1645 522 1687 verum
537 1625 606 1703 quia
619 1625 691 1696 dixi,
707 1625 822 1685 modo.”

143 1725 175 1782 X
182 1724 406 1783 vlt-cattus
422 1725 543 1784 Lectica
558 1745 577 1782 a
594 1724 715 1782 Fetibus
728 1733 838 1784 vectus.

95 1821 200 1882 Fusus
217 1820 343 1880 habebat
356 1820 460 1880 Gallus
475 1818 653 1880 lecticarios:

98 1918 187 1977 Hunc
202 1917 324 1996 gloriose
339 1916 450 1996 Vulpes
464 1927 497 1975 ut
510 1915 580 1976 vidit
593 1915 667 1989 vehi,

96 2015 145 2075 Sic
161 2026 205 2074 est
218 2014 335 2075 locuto:
359 2020 377 2048 “
395 2014 513 2086 Moneo,
525 2033 688 2091 praecaveas
702 2014 821 2076 dolum:

97 2113 222 2172 istorum
235 2111 331 2171 vultus
345 2130 471 2189 numque
486 2110 509 2170 si
522 2111 698 2184 consideras,
853 2128 894 2174 ets

97 2209 232 2274 Proedsm
246 2218 358 2287 portare
369 2208 494 2288 judices,
507 2227 565 2267 uon
581 2208 753 2272 sarcinam.”

97 2307 257 2385 Postquam
272 2305 377 2368 esurire
390 2305 478 2385 coepit
492 2305 612 2366 societas
625 2307 696 2377 fera,

96 2404 256 2482 Discerpsit
271 2403 428 2463 Dominum
443 2413 473 2462 et
486 2402 555 2463 feeit
570 2413 665 2482 partes
678 2403 822 2465 facinoris.

180 2502 211 2559 X
217 2501 457 2578 VIII.-Scrofa
466 2503 639 2578 parturiens
653 2511 683 2560 ct
697 2503 808 2579 Lupus.

98 2600 284 2659 Pssusuru
298 2607 383 2676 partu
394 2598 495 2658 Scrofa
510 2617 601 2677 quum
615 2609 742 2674 gemeret
751 2598 864 2678 jacens,

98 2695 231 2758 Accurrit
246 2696 355 2774 Lupus,
370 2705 400 2754 et
411 2694 572 2754 obstetricis
586 2695 716 2773 partibus
856 2720 895 2764 cru

97 2794 137 2852 Se
151 2811 235 2870 posse
250 2792 332 2870 iungi
346 2792 430 2864 dixit,
446 2792 615 2872 promittens
629 2812 724 2872 opem.

99 2891 176 2959 Ques
190 2909 255 2950 vero
269 2911 358 2970 quum
372 2889 472 2950 ndsset
484 2889 593 2968 pecoris
606 2889 738 2949 fraudem
753 2891 885 2972 improbi,

98 2988 273 3066 Suspectum
287 2987 416 3046 officium
432 2986 593 3065 repudiavit
607 2985 751 3048 malefici:

98 3091 118 3118 ‘⁸
135 3084 173 3143 Et
187 3085 256 3144 satis
267 3084 339 3155 est,''
354 3084 459 3163 iuquit,
475 3083 533 3143 “si
549 3083 665 3144 recedes
680 3083 823 3163 longius.’'

137 3182 225 3253 Quod
240 3181 263 3243 si
278 3182 406 3266 perfidiae
421 3202 451 3243 se
463 3181 653 3244 commisisset
667 3181 752 3262 Lupi,
853 3203 894 3246 ers
