2286 3696
223 213 240 276 8
329 225 468 268 rnnnnr
484 225 694 269 rusonuuuu
711 226 926 280 murrinum,

221 355 305 415 Tunc
319 353 444 416 moriens
457 373 559 418 vocem
572 353 649 414 banc
661 353 789 418 edidisse
801 354 918 427 dicitnr,-

224 459 244 488 “
261 451 288 511 Ο
304 472 350 511 me
364 450 528 513 infelicem!
550 453 601 530 qni
615 471 694 514 nunc
707 452 826 532 demum
840 452 981 532 intelligo,
1027 483 1029 489 t

225 549 316 610 Utilia
328 548 398 609 mihi
413 568 502 628 quam
515 548 632 622 luerint,
646 569 714 627 quoe
727 549 929 630 despexeram,

225 648 274 721 Et,
288 667 356 725 quse
369 643 534 718 leudinum,
545 655 691 726 *quantum
705 645 805 708 luctus
815 645 1000 708 hebuerint.”

409 744 547 802 XIII.-
554 744 660 820 Vulpes
674 754 705 804 et
722 745 841 805 Coruus.
993 749 994 752 ’

227 841 296 910 Qus
309 860 339 900 se
352 839 467 900 laudari
479 839 610 918 gaudent
622 841 715 902 verbis
728 842 869 918 subdolis,
953 879 955 884 ·
1019 853 1021 858 “

227 939 299 998 Sere
313 937 387 998 dant
398 956 500 1016 poenas
513 946 613 1016 turpes
626 938 806 1017 poeniteutie.
870 961 874 968 ’
888 985 889 988 ¹
1000 943 1002 950 '

267 1037 344 1096 Cum
358 1035 395 1094 de
408 1034 535 1100 fenestra
547 1045 778 1114 corvusraptum
793 1055 909 1098 caseum
989 1053 1027 1096 ms
1124 1067 1125 1070 ¹

229 1135 366 1206 Comesse
378 1132 475 1202 vellet,
491 1133 569 1193 celsa
581 1133 709 1196 residens
722 1135 833 1206 arbore,

230 1232 317 1290 Hunc
328 1229 402 1296 vidit
415 1229 535 1312 vulpesz
557 1229 662 1290 deinde
676 1231 718 1290 sic
732 1233 822 1311 coepit
834 1231 924 1312 loqui,
937 1277 940 1286 .
993 1236 995 1238 ’
1018 1259 1020 1266 ·

230 1335 249 1364 “
265 1330 293 1388 Ο
306 1328 358 1407 qui
370 1337 498 1398 tuarum,
509 1345 605 1400 corre,
619 1347 780 1406 pennarum
793 1340 838 1390 est
851 1330 942 1391 nitor!

230 1426 382 1495 Quantum
396 1423 507 1484 decoris
517 1442 640 1503 corpore
653 1434 682 1484 et
695 1426 777 1486 vultu
792 1427 883 1504 geris!

231 1524 263 1584 Si
276 1543 378 1584 vocem
391 1522 523 1594 haberes,
537 1521 619 1582 n'ulla
630 1525 707 1602 prior
722 1523 781 1584 ales
794 1525 898 1585 foret.”
991 1549 1031 1592 rro

231 1624 271 1684 At
284 1621 333 1680 ille
347 1620 463 1692 stultus,
477 1619 549 1696 dum
561 1619 625 1681 vult
637 1639 739 1682 vocem
753 1623 914 1696 ostendere,

231 1718 337 1780 Amisit
350 1737 399 1778 ore
413 1736 542 1788 caseum,
557 1737 644 1795 quem
658 1716 788 1778 celeriter

232 1810 346 1878 Dolosa¹
355 1815 456 1894 vulpes
470 1813 561 1874 avidis
575 1815 672 1894 rapuit
685 1814 832 1878 dentibus.

229 1913 304 1973 Tum
319 1912 436 1972 demum
451 1911 590 1989 ingemuit
601 1912 679 1972 corvi
691 1913 832 1991 deceptus
846 1923 955 1994 stupor.

273 2011 337 2069 Hac
352 2029 382 2068 re
396 2008 543 2088 probatur,
558 2008 705 2086 ingenium
719 2020 861 2089 quantum
876 2011 963 2085 valet,
990 2031 1030 2078 rrs

231 2107 337 2168 Virtuti
351 2117 381 2166 et
392 2125 504 2184 semper
517 2106 657 2184 praevalet
668 2108 820 2188 sapientia.

339 2261 343 2274 „
399 2205 582 2264 xlm-Ex
597 2205 702 2264 sutore
718 2207 863 2266 Medicus·

232 2303 352 2362 Munus
367 2321 434 2362 cum
448 2312 537 2376 sutor,
552 2302 649 2381 inopia
661 2302 839 2381 deperditus,

233 2399 412 2461 Medicinam
426 2399 525 2479 ignoto
537 2400 633 2460 lacere
646 2400 781 2479 coepisset
794 2400 870 2473 loco,
931 2417 934 2424 ’

233 2497 272 2557 Et
286 2497 445 2568 venditaret
457 2497 533 2558 falso
546 2496 850 2568 antidotumnominn

232 2592 368 2654 Verbosis
382 2593 535 2672 acquisivit
548 2594 602 2653 sibi
615 2593 724 2652 lamam
738 2593 874 2672 strophis.
990 2613 1032 2652 reo

230 2690 290 2750 Hic
304 2710 372 2749 cum
380 2691 492 2769 jaceret
504 2691 604 2750 morbo
618 2691 768 2751 confectus
782 2689 861 2769 graui
944 2711 946 2716 ·

233 2785 298 2846 Rex
312 2787 402 2858 urbis,
414 2787 478 2866 ejus
491 2787 657 2866 experiendi
673 2787 777 2865 gratia,
824 2833 827 2841 ,

233 2883 381 2963 Scyphum
396 2884 544 2964 poposcit;
567 2884 633 2944 fusa
645 2885 713 2944 dein
727 2885 867 2944 simulans
881 2903 959 2964 aqua

233 2980 373 3040 Antidoto
387 2982 504 3041 miscere
518 2981 594 3040 illius
608 3001 638 3040 se
653 2981 792 3055 toxicum,

265 3111 294 3144 ¹⁷⁴
318 3111 387 3161 cuni
404 3111 781 3176 stuporlcmtus*stolidae·¹²⁵
805 3111 867 3162 vide
888 3127 950 3162 vers.
975 3109 1031 3166 108.

232 3188 374 3255 supro-¹⁸⁰
389 3187 503 3252 Stroplis]
515 3187 659 3254 garrulitate.
736 3223 742 3233 .
