2298 3684
400 261 605 304 suuraurrns
850 251 904 308 lor

108 387 194 448 Bona
206 407 274 467 quae
287 388 417 464 veniunt,
431 391 487 450 nisi
501 391 707 466 sustineantur,
718 394 901 473 opprimunt·

110 485 280 545 Bouruuru
296 505 390 546 rerum
405 487 588 548 consuetudo
602 487 646 549 e'st
660 491 794 569 pessima.
898 507 901 516 ’

108 581 193 642 Bona
204 583 354 663 turpitudo
368 592 421 658 est,
436 605 504 663 quae
518 587 656 665 periclum
668 587 806 648 vindicat.

108 679 183 739 Boni
196 689 240 740 est
252 680 314 753 riri,
330 681 418 741 etiarn
432 682 460 741 in
475 693 569 742 morte
583 683 695 744 nullum
710 685 819 746 fallere.
898 699 900 708 ’

107 777 197 836 Bonis
210 787 296 837 nocet
309 777 440 858 quisquis
454 781 614 860 pepercerit
628 783 721 842 malis.
870 810 908 845 mo

106 874 284 934 Bourrerrs
298 877 385 936 verba
399 877 515 950 imitari,
530 879 624 958 major
638 880 748 940 malitia
761 890 814 940 est.

105 971 189 1031 Bono
198 971 321 1051 justitiae
335 974 467 1052 proxima
481 984 527 1034 est
536 976 686 1036 severitas.

106 1067 275 1128 Bouonuru
290 1070 399 1130 crimen
411 1080 455 1131 est
468 1072 615 1133 officiosus
629 1073 723 1133 miser.

107 1165 230 1226 Bonum
245 1166 283 1226 ad
298 1166 389 1226 virum
404 1168 464 1228 cito
478 1169 598 1230 moritur
610 1170 771 1232 iracundia.

107 1262 231 1323 Borsuu
245 1273 289 1323 est
303 1264 442 1343 fugienda
455 1267 582 1347 aspicere
595 1269 625 1327 in
639 1267 733 1329 alieno
747 1270 834 1330 malo.
870 1291 908 1330 105

107 1359 221 1420 Bonum
235 1373 280 1420 est
293 1361 380 1420 etiam
394 1363 572 1424 boua'verba
586 1365 709 1425 inimicis
723 1367 852 1428 reddere.

106 1458 221 1518 Bonum
235 1458 353 1537 quidem
367 1460 564 1539 supprimitur,
576 1481 702 1541 nequam
718 1464 904 1542 extinguitur.

107 1555 207 1615 Bonus
219 1556 333 1615 animus
347 1557 444 1630 laesus,
459 1557 574 1635 gravius
588 1559 682 1620 multo
696 1560 837 1621 irascitur.

106 1652 207 1712 Bonus
221 1653 334 1714 animus
348 1673 498 1734 nunquam
512 1656 618 1714 erranti
631 1657 803 1736 obsequium
816 1677 866 1718 ac-

226 1751 403 1812 commodat.

103 1847 203 1907 Brevis
217 1867 299 1908 mens
313 1849 375 1927 ipsa
389 1858 433 1909 est
446 1851 585 1910 memoria
600 1851 768 1912 iracundiae.
869 1878 906 1914 110

105 1946 230 2006 Burrus
246 1945 307 2025 ipsa
321 1946 379 2006 vita
393 1956 447 2019 est,
458 1947 509 2006 sed
525 1947 608 2007 malis
622 1949 656 2008 fit
670 1949 792 2028 longior.

105 2043 187 2103 Caeci
201 2042 371 2115 suntoculi,
387 2063 454 2103 cum
469 2044 584 2104 animus
599 2046 669 2106 alias
684 2065 728 2105 res
742 2048 812 2125 agit.

105 2138 220 2199 Gerar
236 2140 353 2218 periclo,
368 2140 420 2220 qui
434 2141 533 2214 etiam,
547 2162 614 2202 curn
630 2153 674 2203 est
688 2153 781 2218 tutus,
795 2157 888 2207 cavet.

104 2237 214 2296 Cusre
229 2238 266 2296 ad
281 2238 374 2297 virum
390 2246 522 2298 matrona
537 2241 666 2319 parendo
681 2241 812 2321 imperat.

105 2334 212 2394 Cusus
228 2353 313 2412 quem
328 2355 406 2414 saepe
420 2335 533 2408 transit,
548 2337 706 2415 aliquando
721 2339 839 2398 invenit.
871 2360 906 2397 us

105 2431 185 2490 Cave
199 2432 323 2491 amicum
338 2452 374 2491 ne
389 2433 490 2493 credas
506 2433 562 2492 uisi
576 2453 664 2512 quem
679 2435 854 2514 probareris.

106 2529 236 2589 Carendi
248 2530 330 2588 nulla
343 2542 387 2589 est
400 2530 566 2590 dimittendi
580 2533 705 2592 occasio.

104 2627 184 2686 Cave
197 2647 234 2685 ne
247 2627 402 2705 quicquam
418 2627 551 2706 incipias,
566 2628 644 2705 quod
659 2638 725 2707 post
738 2627 886 2708 paeniteat.

104 2723 234 2783 Cicatrix
248 2723 434 2784 conscientiae
448 2743 500 2804 pro
513 2723 630 2784 vulnere
645 2736 698 2785 est.

93 2821 199 2882 ⁴Citius
212 2823 289 2881 venit
303 2820 454 2901 periclum,
468 2840 535 2881 cum
548 2823 750 2883 contemnitur.
867 2847 905 2884 iro

105 2919 187 2977 Crro
202 2918 239 2976 ad
253 2929 387 2978 naturam
402 2919 471 2979 ficta
485 2919 649 2980 reciderunt
663 2941 756 2982 suam.

104 3017 188 3076 Crro
204 3015 360 3093 ignominia
373 3017 408 3076 fit
416 3018 538 3096 superbi
552 3015 653 3095 gloria.

103 3113 187 3172 Crro
201 3113 396 3193 improborum
410 3113 481 3173 laeta
494 3113 531 3172 ad
546 3115 701 3193 perniciem
716 3114 836 3175 cadunt.

105 3209 207 3271 civilis
220 3211 288 3272 beili
302 3209 420 3285 oblivio,
436 3210 566 3272 defensio
580 3221 636 3274 est.
