2286 3696
375 248 476 288 LIBER
490 249 639 290 numus,

114 377 233 457 Quanto
247 376 394 438 innocenti
405 376 513 456 justius
528 377 615 438 debet
628 377 713 438 duri?
730 424 731 430 κ
827 422 829 430 .

114 473 186 533 Tuae
200 483 269 533 sunt
282 485 387 554 partes,
400 474 516 537 suerunt
530 474 651 534 aliorum
665 475 760 554 prius:

116 571 190 630 Dein
204 571 290 632 simili
304 591 374 651 gyro
386 571 502 630 venient
515 570 634 631 ullorum
649 573 735 632 vices.

116 668 247 728 Decerne
262 670 339 748 quod
353 668 462 746 religio,
477 669 555 748 quod
570 670 678 748 potitur
691 671 788 743 fides,-

117 765 155 823 Et
169 765 305 844 gratulari
316 786 364 826 me
378 766 425 825 fac
436 766 547 846 judicio
562 777 623 824 tuo.
637 813 639 820 .

116 861 241 922 Excedit
255 862 378 936 animus,
393 883 479 942 quem
494 863 644 942 proposuit
657 865 820 938 terminum,

115 959 176 1018 Sed
188 959 342 1020 difficulter
355 960 518 1020 continetur
531 959 657 1039 spiritus,
735 1007 736 1012 κ

117 1057 293 1136 Integritatis
306 1059 355 1137 qui
371 1059 489 1124 sincerae
504 1059 661 1132 conscius,·

118 1154 144 1211 Α
159 1155 309 1214 noxiorum
324 1155 463 1234 premitur
477 1155 644 1216 insolentiis,

118 1250 177 1317 Qui
192 1251 250 1310 sint
264 1254 408 1330 requires3
431 1255 611 1333 apparebunt
625 1264 761 1333 tempore.

118 1348 193 1426 Ege,
207 1350 354 1427 quondam
368 1349 423 1428 legi
438 1369 526 1429 quum
540 1371 612 1431 puer
626 1352 816 1412 sententiam:

13 1511 16 1518 ,
118 1444 220 1506 Palam
235 1447 337 1506 mutire
351 1447 463 1526 plebeio
478 1447 625 1527 piaculum
639 1458 691 1520 cst,

119 1541 198 1600 Dum
212 1543 320 1603 sanitas
333 1544 487 1617 constabit,
503 1546 601 1624 pulcre
614 1545 781 1605 meminero.

440 2068 518 2130 LIB.
541 2069 593 2128 lV.

282 2311 510 2388 Prolopus—ad
524 2310 755 2369 Particulonem.

119 2407 223 2475 Quum
240 2405 425 2470 destinassem
441 2407 595 2466 terminum
609 2408 703 2484 operis
716 2416 850 2478 statuere,

121 2504 156 2562 ln
172 2502 238 2574 lroc,
255 2515 286 2562 ut
300 2503 363 2563 aliis
375 2515 450 2563 esset
464 2505 592 2563 muteriae
607 2504 690 2576 satis,-

120 2600 280 2660 Consilium
293 2601 382 2660 tacito
395 2601 481 2660 corde
495 2601 634 2662 damnavi
648 2622 752 2662 meum.

121 2697 201 2756 Nam
214 2697 238 2757 si
251 2698 315 2776 quis
330 2697 395 2756 talis
409 2698 494 2757 ctiam
509 2709 552 2758 ost
564 2698 640 2764 tituli
655 2709 804 2776 oppetant,

121 2796 190 2864 Quo
203 2805 289 2874 pacto
303 2795 444 2856 divinabit
457 2796 597 2873 quidnam
612 2796 765 2870 omiserim,
881 2815 920 2864 ouo

121 2894 164 2952 Ut
177 2892 249 2952 illud
264 2893 358 2972 ipsum
372 2894 471 2972 cupiat
484 2893 570 2952 samoe
583 2894 695 2954 tradere
704 2914 714 2962 3

120 2992 186 3050 Sua
199 2990 304 3068 cuique
319 3011 408 3069 quum
423 2991 460 3050 sit
474 2991 565 3054 unimi¹
576 2989 723 3068 cogitatio,

121 3086 269 3165 Colorque
283 3087 437 3166 proprius?
460 3087 535 3165 Ergo
549 3107 607 3145 non
623 3087 723 3150 levitas
737 3087 819 3160 mihi,

114 3168 181 3245 „Sed
198 3196 278 3245 certa
287 3185 359 3244 ratio
373 3205 489 3246 causam
504 3184 647 3246 scribendi
661 3185 758 3265 dedit..
826 3237 829 3247 .
