2298 3684
260 207 317 266 lat
558 223 761 264 suurnurrn.

259 352 389 412 Stultum
403 359 447 411 est
460 351 550 412 aliurn
564 351 638 412 velle
651 351 752 412 ulcisci
765 372 852 431 prena
866 373 930 414 sua.

258 449 389 512 Stultum
403 459 448 510 est
461 449 542 529 queri
555 449 593 509 de
606 449 743 521 adversis,
757 449 808 510 ubi
820 450 909 531 culpa
921 461 966 512 est
979 461 1042 512 tua.

258 547 388 608 Stultum
401 556 445 606 est
457 546 648 626 time're'›qi1od
660 546 745 608 vitari
757 566 814 606 non
829 557 936 627 potest.

258 643 388 706 Stultum
403 653 448 704 est
461 643 586 704 vicinum
599 643 673 704 velle
685 643 786 704 ulcisci
800 644 945 705 incendio.
1018 667 1060 709 rm

259 741 390 802 Stultum
405 741 476 802 lacit
490 741 606 802 fortuna
617 761 707 822 quem
716 741 779 802 vult
791 741 917 822 perdere.

259 839 390 900 Stultum
405 838 546 918 imperare
558 839 687 918 reliquis,
702 839 752 919 qui
766 839 861 900 nescit
871 839 935 900 sibi.

259 935 389 996 Suadere
403 935 534 996 benevoli
547 946 592 997 est
603 935 739 1016 primum,'
753 935 821 996 dein
835 937 985 1017 corrigere.

232 1085 236 1094 .
258 1032 411 1093 Submittit
424 1051 466 1106 se,
479 1052 548 1112 qum
562 1035 594 1093 se
606 1031 700 1112 erigit,
712 1031 846 1093 solicitas.

259 1129 327 1190 Suis
340 1130 389 1209 qui
404 1130 497 1189 nescit
510 1149 639 1209 parcere,
651 1129 776 1190 inimicis
787 1129 874 1190 lavet.
1016 1153 1059 1196 res

259 1224 442 1288 submissum
455 1227 605 1307 imperium
618 1246 676 1286 non
691 1237 773 1300 tenet
780 1227 855 1288 vires
867 1248 944 1288 suas.

257 1324 400 1404 Suspecta
414 1343 526 1405 semper
537 1334 708 1384 ornamenta
721 1324 893 1386 ementibus.

259 1421 394 1501 Suspicio
408 1422 463 1482 sibi
477 1420 541 1501 ipsa
554 1421 756 1502 rivales'parit.

259 1519 352 1580 Suum
368 1521 497 1600 sequitur
511 1521 610 1580 lumen
625 1539 738 1599 semper
752 1519 926 1580 innocentia.

257 1617 364 1678 Tacere
379 1617 470 1678 nescit
482 1617 560 1677 idem
573 1615 626 1697 qui
638 1617 729 1676 nescit
742 1615 834 1694 loqui.
1015 1637 1060 1681 rso

258 1715 454 1776 Taciturnitas
466 1714 556 1776 stulto
569 1713 680 1774 homini
692 1733 744 1793 pro
759 1712 901 1793 sapientia
914 1722 968 1774 est.

258 1810 333 1872 Tun
342 1810 949 1891 deeslavamquodhabet‚quamquodnon
958 1810 1058 1870 habet.

257 1909 330 1969 Tam
345 1909 396 1968 diu
411 1908 582 1970 diccendum
596 1917 641 1968 est
652 1908 772 1980 bomini,
786 1907 924 1986 quamdiu
938 1907 1059 1968 nesciat.

258 2004 407 2065 Trurnus
422 2017 508 2066 vocat
519 2025 552 2066 se
565 2014 695 2079 cautum,
708 2025 829 2085 parcum
843 2004 985 2064 sordidus.

257 2101 581 2176 TormentumOdulce‚
590 2102 1059 2183 mquoubireprimiturgaudium!

257 2199 362 2280 Turpis
376 2199 474 2279 inopie
486 2210 541 2273 est,
556 2220 624 2279 quoe
638 2200 766 2262 nascitur
779 2200 817 2260 de
831 2199 930 2278 gloria.

257 2296 334 2358 Tuta
348 2307 394 2356 est
403 2297 530 2377 jactura,
545 2316 613 2374 quae
626 2297 660 2356 lit
672 2297 858 2376 negligentia.

259 2393 418 2454 'tutissima
430 2413 474 2454 res
488 2393 588 2454 timere
601 2393 673 2452 nihil
689 2403 792 2474 proeter
805 2395 913 2456 Deum.

261 2490 319 2550 Ubi
334 2491 422 2571 coepit
434 2510 544 2571 pauper
556 2489 675 2551 divitem
690 2491 804 2565 imitari,
819 2493 900 2572 perit.

260 2591 435 2669 Ubicunque
449 2587 542 2670 pudor
555 2596 610 2661 est,
625 2606 738 2669 semper
750 2588 790 2648 ibi
803 2599 904 2650 sancta
918 2597 962 2647 est
975 2587 1058 2647 fides.

260 2687 317 2747 Ubi
331 2687 394 2747 lata
405 2695 541 2767 peccant,
554 2686 705 2752 bominum
718 2687 839 2746 consilia
853 2686 1001 2746 excidunt.

260 2784 317 2843 Ubi
330 2783 468 2844 innocens
481 2783 628 2857 formidat,
641 2784 763 2844 damnat
772 2784 913 2864 judicem.

260 2881 317 2941 Ubi
331 2881 457 2940 maxime
471 2881 620 2959 gaudebis,
634 2891 746 2942 metues
759 2881 895 2942 maxime.
921 2877 925 2886 ¹

260 2978 318 3039 Ubi
329 2977 424 3038 omnis
436 2978 497 3038 uita
509 2988 606 3038 metus
619 2988 674 3052 est,
688 2998 765 3038 mors
778 2963 828 3038 est
835 2978 955 3059 optima.

260 3077 323 3135 Uar
339 3084 442 3155 peccat
455 3084 528 3135 tetes
541 3076 643 3156 major,
657 3075 734 3136 mele
747 3076 833 3136 discit
846 3075 948 3136 minor.
1009 3095 1053 3140 res

261 3173 320 3232 Ubi
334 3173 460 3245 timetur,
472 3172 514 3232 nil
527 3173 607 3250 quod
617 3173 735 3234 timetur
747 3173 884 3234 nascitur.
