2286 3696
355 249 453 292 unsa
469 249 618 292 warlus.

96 377 154 436 Aut
168 397 225 454 quo
239 377 304 437 cibo
318 377 409 439 fecisti
423 388 535 438 tantum
549 377 694 458 eorporis?

97 473 169 553 Ego,
183 474 233 552 qui
247 495 310 534 snm
323 473 409 552 longe
422 474 530 548 fortior,
545 495 629 554 pereo
642 475 748 536 farne.”

97 570 183 630 Canis
197 571 382 650 simpliciter:
405 579 424 606 “
441 571 551 632 Eadem
562 571 607 632 est'
620 573 746 633 conditio
760 573 832 646 tibi,‘

97 666 235 728 Praestare
247 668 364 746 domino
377 668 401 728 si
415 675 468 748 p‘sr
481 669 608 728 officium
623 669 735 748 potes.”
834 743 839 751 ι
862 665 864 671 ’

97 771 116 798 “
132 765 219 834 Quod
228 765 258 824 ?”
272 765 366 845 inquit
379 766 427 826 ille
440 787 447 827 :
464 772 484 801 ‘⁸
499 767 605 826 Custos
617 776 651 826 ut
665 767 703 826 sis
717 765 833 840 liminis,
847 757 885 828 nso

98 863 122 922 A
136 862 245 924 furibus
258 863 362 922 tuearis
376 873 405 922 et
416 873 503 923 noctu
516 863 665 924 domum.''

98 967 117 992 “
133 959 196 1038 Ego
209 979 275 1019 vero
289 981 352 1036 sum
366 969 483 1040 paratus
495 982 503 1030 ;
526 968 604 1020 hunc
618 961 710 1039 pa'tior
723 960 813 1034 nives,

99 1057 275 1136 Imbresque,
289 1057 317 1116 iu
332 1057 408 1118 silvis
422 1064 551 1138 asperam
564 1058 654 1117 vitum¹
666 1043 799 1131 treberis:

99 1154 217 1222 Quanto
230 1166 273 1214 est
286 1155 399 1215 facilius
413 1155 483 1214 mihi
496 1157 550 1214 sub
563 1165 641 1216 tecto
651 1156 755 1229 vivere,
808 1153 811 1160 ’
826 1219 830 1228 ,

103 1251 142 1310 Et
155 1251 277 1311 otiosum
289 1242 368 1330 lsrgo
384 1253 478 1312 satiari
492 1253 556 1336 cibo
565 1253 596 1313 2”
834 1247 838 1259 ’
853 1255 891 1316 des

104 1356 122 1382 ‘⁶
136 1348 211 1408 Veni
224 1369 293 1427 ergo
305 1350 449 1408 meeum.’'
491 1351 570 1410 Dum
583 1349 755 1430 procedunt,
770 1350 892 1431 adspicit

102 1447 198 1525 Lupus
212 1445 229 1505 d
243 1456 346 1507 catena
355 1447 460 1506 collum
473 1447 608 1508 detritum
622 1448 721 1508 Canis.

99 1553 119 1578 “
133 1543 217 1604 Unde
230 1544 295 1616 hoc,
307 1545 438 1605 amicei”
452 1549 471 1580 “
486 1545 566 1604 Nihil
580 1545 653 1605 est.”
668 1537 767 1619 “Diu
779 1528 890 1625 queso,

219 1641 346 1701 tamen.”

100 1746 120 1773 “
138 1737 215 1814 Quia
228 1738 326 1798 videor
339 1757 414 1810 scer,
428 1737 557 1816 adligant
570 1757 616 1798 me
630 1723 763 1812 interdiu,

102 1837 180 1895 Luce
193 1846 227 1895 ut
238 1836 395 1914 quiescam,
410 1835 566 1914 strigilem
581 1856 671 1922 quum
685 1831 743 1896 uox‘
757 1837 882 1897 venerit:

101 1932 280 2012 Crepusculo
294 1932 415 2004 solutus,
429 1933 487 2010 qua'
500 1933 591 1992 visum
603 1931 656 2009 est',
670 1939 767 2014 vagor.
829 1967 830 1971 ,
873 1923 875 1930 ¹

101 2030 239 2090 Adfertur
250 2031 324 2090 ultro
338 2030 430 2109 panis,
444 2030 481 2090 de
494 2049 593 2108 mensu
606 2051 659 2091 sna

101 2129 165 2187 Dat
177 2147 242 2186 ossa
253 2127 403 2196 dominus;
426 2127 516 2186 frusta
529 2127 623 2208 jactat
636 2127 755 2201 familie,
803 2149 805 2156 ’

101 2225 152 2295 Et,
167 2224 245 2304 quod
257 2223 368 2284 fastidit
381 2223 513 2303 quisque,
527 2207 767 2304 pulmentariurri:
839 2221 840 2226 ’
875 2228 877 2236 ’

101 2322 227 2382 sicsine
240 2321 337 2381 labore
349 2307 448 2382 vender
458 2320 593 2400 impletur
605 2322 717 2407 meusl'
834 2317 837 2352 ³
857 2329 896 2388 695

100 2427 121 2454 ‘⁸
139 2420 214 2497 Age,
229 2418 253 2477 si
267 2437 325 2497 quo
338 2417 415 2478 abire
428 2426 473 2477 est
485 2418 608 2490 animus,
623 2429 666 2479 est
677 2417 815 2480 lieentia?

103 2515 174 2574 Non
188 2514 274 2594 plene
287 2515 359 2588 est,”
373 2515 477 2593 inquit.
519 2522 539 2550 “
555 2516 672 2589 Fruere,
686 2535 753 2595 quae
772 2509 892 2585 laudus,¹

225 2611 324 2671 Canis.
804 2607 805 2612 ἵ

103 2713 240 2789 Regnare
252 2709 329 2800 noio,
347 2709 417 2769 liber
431 2720 534 2770 utnon
549 2711 603 2770 sim
616 2709 716 2790 mibi.”
824 2735 826 2740 .
850 2745 852 2763 r

285 2801 289 2808 ''
307 2803 550 2863 Vra-Frater
562 2813 591 2862 et
606 2803 703 2862 Sordr.

105 2903 285 2961 Puncsrro
298 2899 423 2960 monitus
437 2919 513 2980 soepe
527 2910 556 2960 te
570 2899 728 2960 considera.

156 2999 292 3057 Habebat
305 2997 423 3076 quidam
436 2997 525 3056 filiam
537 2996 742 3076 turpissimum,
866 3021 905 3062 roo

106 3097 248 3174 Idemque
263 3095 366 3173 insigni
380 3105 410 3154 et
423 3094 609 3174 pulcra.faeie
623 3094 724 3154 filium.

278 3218 308 3250 ess
327 3193 395 3268 Lib„
406 3219 476 3282 mim]
492 3219 508 3270 ὶ.
520 3235 543 3269 e.
555 3220 599 3269 mei
611 3227 701 3284 potens.
