2298 3684
385 255 588 297 senmurum.
835 240 890 296 ll7

90 381 208 442 Punoa
223 381 321 443 doceri
334 401 393 443 non
407 392 513 464 potest,
528 383 609 444 nasci
622 393 728 462 potest.

91 479 239 540 Pudorem
250 481 377 541 alienum
390 481 442 562 qui
456 481 550 561 eripit,
565 481 659 561 perdit
672 500 767 540 snum.

90 577 236 644 Pudorem
250 579 366 653 habere,
382 578 504 638 servitus
517 578 732 657 quodammodo
742 587 796 638 est.

90 675 191 734 Pudor
205 695 410 755 quemcunque
425 695 484 736 non
499 676 600 750 flectit,
615 677 730 754 frangat
743 675 837 735 timor.
853 696 891 739 ⁵7⁶

92 772 252 833 Pulchrum
266 783 403 852 praestare
414 783 521 833 cuncta
534 783 587 847 est,
602 773 716 852 exigere
729 773 810 833 nihil.

90 870 259 940 Portunus
276 880 319 932 eet
334 890 437 930 avarus
449 873 587 948 (dominia
602 873 682 930 avidi
696 874 752 950 est)
768 872 863 932 aetatis

92 968 185 1028 Puras
199 969 291 1042 Deus,
307 987 365 1028 non
379 968 492 1048 plenas,
506 969 609 1047 aspicit
623 988 736 1028 manus.
776 969 892 1049 [brevis.

92 1065 170 1134 Quae
185 1063 248 1126 vult'
262 1066 352 1126 videri
365 1066 443 1126 bella
456 1066 553 1140 nimis,
567 1066 640 1126 nulli
654 1076 751 1146 negat.

91 1162 191 1231 Quam
205 1163 276 1223 felix
290 1163 350 1224 vita
362 1163 424 1224 sine
439 1163 562 1242 negotiis
575 1164 707 1224 transiit!
855 1185 894 1224 san

93 1259 192 1328 Quam
201 1281 340 1340 magnum
351 1271 395 1322 est
405 1281 464 1322 uon
473 1261 587 1322 laudari
594 1271 624 1322 et
633 1281 694 1322 esse
706 1260 891 1321 laudabilem.

92 1357 193 1426 Quam
206 1359 300 1418 malus
312 1367 366 1432 est,
380 1359 496 1439 culpam
513 1359 563 1438 qui
578 1378 660 1420 suam
675 1359 793 1419 alterius
808 1359 893 1420 facit!

94 1455 193 1524 Quam
208 1455 317 1515 miseris
332 1466 386 1529 est,
401 1456 448 1516 cui
463 1456 575 1534 ingrata
588 1455 782 1515 misericordia
794 1457 854 1515 est!

96 1551 196 1622 Quam
208 1552 294 1612 miser
307 1563 362 1626 est,
377 1553 429 1632 qui
441 1571 579 1612 excusare
594 1552 647 1612 sibi
662 1572 694 1611 ee
708 1571 766 1611 nnn
781 1556 897 1631 potest!

96 1651 194 1720 Quam
208 1651 343 1710 miserum
354 1650 494 1710 auxilium
505 1659 561 1723 est,
569 1650 619 1709 ubi
633 1662 728 1722 uocet,
740 1649 819 1728 quod
833 1669 896 1709 sus-

218 1747 301 1808 tinet.
859 1767 899 1806 am

97 1843 194 1914 Quam
202 1845 337 1904 miserum
343 1846 477 1918 est,bene
483 1845 562 1924 quod
570 1845 793 1916 leceris,factum
800 1845 896 1923 queri!

95 1941 194 2012 Quam
208 1943 343 2002 miserum
356 1953 401 2002 est
414 1942 480 2020 cogi
494 1943 653 2024 opprimere
667 1962 754 2022 quem
767 1941 877 2002 salvum

217 2039 288 2100 velis
302 2043 309 2100 !
753 2039 875 2119 [malum
890 2047 897 2099 !

97 2137 195 2205 Quam
207 2137 344 2196 miserum
357 2146 411 2208 est,
427 2156 494 2197 cnm
509 2157 540 2197 se
554 2145 673 2197 renovat
687 2147 891 2217 consumptum

96 2235 193 2303 Quam
202 2233 520 2314 miserumestid‚quod
529 2234 616 2314 pauci
625 2233 744 2308 habent,
754 2235 899 2295 amittere!

98 2332 196 2400 Quam
203 2331 337 2391 miserum
343 2342 390 2392 est
398 2343 519 2392 mortem
530 2351 634 2412 cupere
643 2351 697 2391 uec
704 2351 788 2411 posse
796 2332 901 2392 emori!

100 2429 198 2497 Quam
213 2429 349 2488 miserum
363 2429 491 2490 officium
506 2438 559 2504 est,
574 2429 652 2509 qnod
664 2448 830 2489 successum
843 2412 900 2488 nnn

221 2525 330 2586 habet!

100 2623 198 2693 Quam
212 2623 348 2683 miserum
363 2633 418 2696 est,
434 2623 484 2683 ubi
497 2623 649 2684 consilium
664 2642 734 2682 casn
748 2622 892 2683 vincitur!

98 2721 198 2789 Quam
209 2721 344 2780 miserum
352 2730 407 2792 est,
417 2721 466 2780 ubi
477 2731 507 2781 te
515 2729 637 2799 captant
645 2720 696 2799 qui
704 2719 900 2782 defenderint!

100 2818 199 2888 Quam
213 2817 385 2896 poenitenda
398 2817 549 2878 incurrunt
560 2816 668 2877 viventi
682 2816 754 2876 diu!

99 2915 198 2983 Quam
214 2934 293 2993 saepe
308 2915 433 2988 veniam,
447 2915 498 2995 qui
512 2924 678 2992 negaverat,
692 2914 783 2993 petit!
867 2935 905 2981 ⁵9⁵

101 3011 199 3086 Quam
213 3011 332 3071 timidus
346 3021 391 3073 ert
405 3012 440 3084 is,
454 3021 654 3091 paupertatem
669 3011 719 3088 qui
733 3010 833 3071 timet!

99 3109 240 3178 Quamvis
254 3111 385 3182 acerbus,
398 3109 450 3188 qui
464 3119 574 3181 monet,
589 3108 662 3168 nulli
676 3117 773 3166 nocet.

29 3210 36 3224 '
101 3207 243 3276 Quamvis
257 3226 315 3267 non
329 3215 451 3281 tectum,
465 3205 545 3287 quod
557 3206 653 3286 juvat,
669 3213 780 3266 rectum
795 3212 890 3284 putes.
