2298 3684
259 221 315 282 106
559 232 759 277 scurnum.

257 358 1058 457 Gnnvntcrimemetiamievitercumdiotumestnooet.
1141 343 1142 348 ἵ

258 463 354 522 Grave
363 460 510 541 judicium·
517 468 572 532 est,
583 458 663 538 quod
671 454 873 536 praejudicium
884 456 1058 516 nonhabet.
1141 479 1142 498 .

257 559 353 620 Grave
365 556 566 638 praejudicium
575 566 629 628 est,
640 551 876 638 quodjudicium
886 573 943 613 non
953 553 1058 612 habet.

258 656 362 716 Gravis
376 654 465 714 animi
479 673 565 734 poena
578 662 631 729 est,
645 673 733 732 quem
747 661 813 732 post
825 651 894 710 sacti
906 649 1042 730 paenitet.

258 751 361 814 Gravis
376 751 489 812 animus
504 750 622 812 dubiam
637 768 696 810 non
710 751 799 812 habet
810 748 996 808 sententiam.

259 849 379 910 Gravior
393 859 437 910 est
450 848 583 910 'mimicus
597 848 648 929 qui
659 848 732 908 latet
745 848 775 908 in
789 856 913 926 pectore.

260 946 439 1006 Guavrortu
455 945 592 1026 quendam
606 955 675 1004 sunt
688 945 801 1026 periclis
814 943 951 1004 remedia.
1020 961 1062 1004 sao

260 1042 436 1104 Gravissima
450 1051 494 1107 est
506 1042 597 1122 proba
610 1042 733 1102 hominis
747 1040 906 1102 iracundia.

261 1140 501 1201 Gnavrssrnum
516 1148 561 1199 est
574 1138 727 1219 imperium
738 1135 964 1200 consuetudinis.

259 1236 384 1298 Gravius
398 1236 507 1296 malurn
521 1255 607 1296 omne
620 1237 756 1316 estquod
770 1237 825 1296 sub
840 1244 960 1315 aspectu
973 1234 1057 1297 latet.

260 1334 417 1396 Graevius
431 1343 528 1407 nocet,
538 1334 734 1413 quodcunque
743 1334 924 1413 inexpertum
938 1331 1056 1394 accidit.

263 1431 384 1492 Habent
396 1432 492 1492 iocum
506 1431 653 1494 maledicti
667 1433 775 1493 crebrae
791 1431 911 1512 nuptiae.
1019 1449 1059 1492 sse

261 1529 371 1590 Hunnr
385 1549 469 1592 suum
483 1549 627 1592 venenum
641 1529 750 1590 blanda
763 1530 863 1589 oratio.
929 1585 932 1592 .

261 1625 436 1686 Hnnnnnu
452 1626 525 1686 ferre
538 1625 746 1686 honestiusest
759 1646 848 1705 quam
862 1645 1001 1705 quaerere.

261 1722 419 1784 Hnnnnrs
432 1723 517 1784 fletus
530 1724 585 1784 sub
598 1743 722 1802 persona
735 1723 809 1784 risus
821 1733 874 1784 est.

261 1820 328 1880 Heu
342 1840 431 1899 quam
445 1821 633 1893 conscientia,
648 1821 736 1882 animi
750 1821 844 1900 gravis
855 1831 900 1880 est
913 1819 1035 1882 servitus
1047 1826 1055 1882 Ι

261 1917 328 1977 Heu
343 1937 429 1996 quam
443 1917 528 1978 miser
541 1927 585 1978 est
598 1917 649 1996 qui
663 1919 692 1978 in
706 1928 849 1980 tormento
862 1937 962 1978 rocem
977 1917 1057 1980 haud

261 2015 336 2075 Hnu
351 2035 439 2095 quam
451 2015 577 2077 difficilis
591 2015 690 2094 gloriae
704 2015 837 2076 custodia
850 2021 911 2076 est!
934 2015 1054 2095 [habett

262 2112 328 2171 Heu
344 2133 431 2191 quarn
444 2123 488 2174 est
501 2113 656 2186 timendus,
671 2113 721 2193 qui
735 2113 807 2174 mori
821 2123 915 2173 tutum
930 2120 1034 2192 putat!

261 2209 415 2269 Hominem
430 2210 516 2270 etiarn
530 2209 607 2288 frugi
621 2209 712 2271 flectit
723 2230 802 2290 soepe
815 2210 939 2272 occasio.

260 2306 417 2366 Hominem
430 2306 552 2386 experiri
563 2307 655 2368 multa
668 2317 823 2386 paupertas
833 2308 928 2386 jubet.

262 2403 393 2464 Homrrrr
409 2403 560 2466 consilium
573 2411 643 2464 tunc
651 2404 743 2478 deest,
753 2423 820 2466 cum
833 2403 926 2464 muita
939 2403 1057 2466 invenit.

262 2501 358 2560 Homo
372 2511 454 2561 extra
468 2519 572 2581 corpus
585 2511 629 2560 est
642 2518 738 2574 suum,
753 2519 819 2560 cum
834 2500 973 2560 irascitur.

261 2599 357 2659 Homo
371 2617 408 2660 ne
422 2599 459 2660 sit
472 2598 534 2659 sine
547 2596 657 2671 dolore,
671 2597 817 2658 fortunam
831 2597 949 2658 invenit.

262 2695 358 2754 Homo
373 2715 485 2776 semper
498 2695 528 2756 in
540 2715 573 2755 os
582 2695 639 2756 fert
652 2694 743 2769 aliud,
758 2695 837 2755 aliud
850 2695 967 2774 cogitat.

263 2792 358 2851 Hono
372 2793 457 2852 toties
472 2793 600 2862 moritur,
615 2792 728 2873 quoties
740 2793 847 2852 amittit
858 2812 934 2854 suos.

262 2889 359 2948 Homo
372 2889 439 2950 vitae
453 2890 663 2962 commodatus,
678 2907 737 2949 non
751 2889 877 2950 donatus
892 2898 946 2949 est.
1019 2911 1057 2952 cro

262 2987 394 3046 Honesta
406 2986 452 3046 lex
468 2996 512 3046 est
525 2987 672 3066 temporis,
685 2987 850 3048 necessitas.

263 3083 393 3144 Honeste
407 3103 510 3162 parcas
524 3083 665 3164 improbo,
680 3093 714 3144 ut
725 3103 826 3164 parcas
838 3084 937 3162 pmbo.

264 3180 418 3240 Honnsrn
431 3179 527 3256 servit,
541 3179 593 3259 qui
605 3180 768 3242 succumbit
781 3180 913 3262 tempori.
