2286 3696
355 220 457 260 bruun
473 219 633 267 couneus.
851 202 891 258 ’41

96 346 156 416 Qui
170 366 249 426 saepe
262 346 382 426 laqueos
394 356 424 406 et
437 346 600 426 muscipula
614 343 776 423 effugerat.
867 348 886 376 ²³

95 444 260 523 Proculque
272 444 395 504 insidias
407 464 528 504 cernens
543 443 633 503 hostis
646 442 744 502 callidi
756 462 765 502 t

95 549 115 575 ‘⁴
133 541 183 600 Sic
195 542 321 615 valeas·,”
336 542 440 620 iuquit,
457 549 476 576 ‘⁴
493 551 526 600 ut
539 540 633 600 farina
647 561 687 612 es,
703 545 770 618 quae
779 539 893 620 jaces.''

326 638 524 715 IL—‘Vulpis
537 647 567 697 et
587 638 661 697 Uva.
865 638 868 642 ’

96 734 193 792 Funis
207 745 309 795 coacta
323 734 426 813 Vulpis
440 735 499 794 alta
514 735 543 793 iu
557 733 642 793 vinea
851 752 894 798 990

95 831 188 889 Uvam
204 813 360 910 appetebat
374 830 493 890 summis
507 831 613 892 saliens
627 831 743 892 viribus.

94 927 192 995 Quam
207 936 326 1006 tangere
340 940 445 988 utnon
459 929 563 1008 potuit,
579 928 731 989 discedens
746 928 804 990 ait-t

95 1031 116 1060 “
134 1024 274 1084 Nondum
283 1036 401 1085 matura
415 1034 469 1098 est,
485 1024 553 1084 noio
567 1026 700 1084 acerbam
714 1023 855 1084 sumere.‘'
866 1021 869 1030 ’

136 1122 208 1194 Qui,
223 1122 317 1182 facere
330 1143 397 1202 quae
411 1141 469 1180 nou
484 1131 615 1202 possunt,
630 1122 723 1182 verbis
736 1125 858 1195 elevant,
884 1129 888 1144 ’“

96 1217 266 1279 Adscribere
279 1219 333 1280 hoc
348 1219 496 1279 debebunt
509 1220 675 1300 exemplum
688 1218 752 1280 sibi.
767 1251 769 1256 ·
854 1239 893 1285 ms

312 1320 332 1376 I
333 1319 371 1375 ΙΙ
372 1319 527 1396 .-Equus
541 1328 571 1377 et
585 1320 676 1395 Apcr'.

95 1413 209 1479 Eouus
224 1413 323 1474 sedare
335 1413 437 1474 solitus
451 1434 509 1494 quo
521 1414 616 1474 iuerat
629 1413 717 1486 sitim,

95 1511 176 1569 Dum
190 1530 252 1570 sese
266 1512 345 1590 Aper
357 1512 478 1584 volutat,
492 1511 619 1572 turbavit
633 1510 750 1570 vadum.

94 1608 175 1667 Hinc
188 1617 251 1668 orta
264 1609 298 1668 lis
306 1610 374 1669 est:
397 1607 521 1688 Sonipes
536 1608 624 1668 iratus
638 1608 708 1679 iero,

94 1704 341 1785 Auxilium'petiit
354 1705 489 1778 hominis,
502 1725 590 1783 quern
603 1704 688 1765 dorso
702 1704 812 1775 levans,

95 1801 196 1862 Rediit
210 1803 247 1862 ad
261 1802 382 1864 hostem.
424 1804 443 1863 J
447 1803 518 1863 actis
531 1803 610 1862 hunc
622 1801 688 1862 telis
701 1821 790 1881 eques
843 1822 894 1861 rma

96 1899 256 1978 Postquam
271 1899 424 1972 interfecit,
440 1900 481 1959 sic
495 1899 634 1977 loquutus
648 1899 790 1958 traditur:

95 2002 116 2030 “
134 1995 228 2056 Loetor
242 1996 341 2058 tulisse
354 1996 493 2056 auxilium
507 2016 555 2056 me
567 1996 701 2075 precibus
715 1996 791 2055 tuis:

92 2092 175 2151 :Nam
189 2092 318 2172 praedam
332 2094 406 2172 cepi,
421 2103 451 2152 et
464 2093 551 2152 didici
566 2111 654 2169 quam
668 2092 706 2151 sis
719 2091 828 2152 utilis.’'

95 2190 195 2268 Atque
207 2189 249 2250 ita
262 2190 358 2268 coegit
372 2190 467 2249 frenos
481 2190 602 2251 invitum
615 2189 685 2268 pati.

93 2286 170 2344 Tum
183 2297 304 2348 moestus
317 2286 382 2348 ille:
404 2294 424 2322 “
441 2288 543 2346 Parvae
556 2287 714 2347 vindictam
729 2287 769 2346 rei
843 2287 893 2345 root

96 2383 176 2444 Dum
191 2403 291 2463 quaero
305 2383 433 2456 demens,
448 2384 611 2444 servitutem
624 2383 764 2464 repperi.’'

138 2480 214 2540 Haec
227 2480 380 2540 iracundos
396 2481 562 2541 admonebit
573 2481 684 2553 fabula,

95 2579 220 2657 Impune
234 2577 330 2658 potius
344 2577 422 2649 loedi,
438 2597 526 2657 quarn
541 2577 609 2638 dedi
623 2577 715 2636 alteri.

393 2676 413 2732 Ι
416 2676 597 2734 V.-Poetu.

96 2771 185 2830 Prus
201 2789 262 2830 esse
276 2770 305 2830 in
321 2790 379 2830 uno
393 2789 471 2850 saepe
484 2791 572 2849 quam
588 2769 616 2829 in
632 2769 717 2829 turba
728 2769 808 2843 boni,

96 2867 269 2929 Narratione
283 2868 402 2947 posteris
417 2868 529 2929 tradam
543 2868 630 2928 brevi.
847 2884 897 2926 1010

135 2966 264 3034 Quidam
277 2965 422 3027 decedens
434 2976 492 3026 tres
504 2965 620 3044 reliquit
635 2964 719 3038 filias,

94 3129 99 3136 ·
119 3093 157 3156 *⁹⁸⁶
174 3096 323 3160 Retmridur]
340 3097 398 3146 Mus
417 3104 485 3146 atate
501 3095 757 3160 rugosus.etca11idus
775 3091 893 3143 unm-⁹⁸⁹

96 3173 236 3238 Quaejaees]
249 3189 314 3239 quae,
321 3173 434 3240 jacendo,
445 3172 532 3223 videris
542 3187 602 3223 esse.
