2286 3696
237 213 279 270 56
351 229 487 270 ennnnr
503 227 713 272 saturanum
729 229 926 272 msoernaun

242 365 262 393 “
279 357 449 418 Feliciter!”
470 357 662 418 subclamant.
706 359 765 437 Ipsi
779 359 923 439 principes
990 381 1040 420 ruao

240 455 324 516 Iliam
338 455 516 527 osculantur,
529 475 588 533 qua
602 465 669 516 sum
682 455 821 535 oppressi,
835 475 966 528 manum,

238 553 338 613 Tacite
352 562 498 631 gementes
512 552 622 612 tristem
636 553 761 612 fortunae
776 553 879 614 vicem.

241 651 318 719 Quin
334 650 422 722 etiam
434 650 541 710 resides
555 659 585 710 et
598 661 752 728 sequentes
764 650 867 724 otium,

241 750 287 808 Ne
300 748 426 808 defuisse
440 758 554 820 noceat,
569 758 684 827 reptant
697 747 809 815 ultimi;

241 847 275 905 In
288 845 354 923 quis
369 843 542 917 Menander,
556 844 661 904 nobilis
675 844 834 918 comoediis,
989 867 1038 907 raas
1124 873 1125 884 ¹

240 943 332 1015 Quas,
346 944 440 1021 ipsum
454 942 599 1020 ignorans,
615 941 724 1020 legerat
739 942 915 1016 Demetrius,

240 1041 279 1100 Et
291 1039 448 1100 admiratus
460 1039 556 1098 fuerat
568 1038 717 1118 ingenium
730 1039 799 1107 viri:

240 1139 396 1215 Unguento
409 1136 566 1207 delibutus,
581 1137 686 1196 vestitu
697 1136 829 1209 affluens,

241 1235 385 1294 Veniebat
398 1253 497 1312 gressu
511 1233 636 1294 delicato
650 1243 680 1292 et
692 1233 841 1312 languido.

241 1333 328 1391 Hunc
343 1332 392 1390 ubi
407 1341 545 1411 tyrannus
557 1330 628 1389 vidit
640 1340 767 1389 extremo
781 1331 917 1409 agmine:
986 1354 1038 1398 mue

241 1428 382 1497 Quisnam
395 1427 524 1488 cinoedus
538 1428 586 1487 iile
601 1427 630 1486 in
645 1438 803 1507 conspectu
817 1448 882 1488 meo

240 1527 338 1586 Audet
351 1526 445 1585 venire
457 1526 469 1585 i
490 1523 700 1603 responderunt
714 1525 854 1603 proximi:

241 1625 298 1682 Hic
313 1636 357 1684 est
371 1622 533 1684 Menander
547 1621 677 1700 scriptor.
721 1622 855 1682 Mutatus
869 1622 986 1683 statim:

238 1726 272 1798 (“
291 1721 416 1793 Homo,’'
432 1719 536 1799 inquit,
552 1725 572 1753 “
586 1718 646 1778 fieri
662 1738 720 1777 non
736 1729 831 1797 potest
844 1719 990 1779 venustior
1000 1719 1029 1789 ;''

240 1820 403 1898 Vatemque
417 1827 447 1876 et
460 1817 566 1895 scripta
579 1815 687 1875 meritis
700 1816 776 1876 tollit
789 1817 956 1876 honoribus.
988 1837 1039 1884 ruas

280 1915 454 1992 Exemplum
470 1915 590 1992 scriptor
603 1913 688 1972 vertit
701 1914 739 1972 ad
753 1914 936 1992 prudentiam

240 2012 360 2091 Ingenio
374 2031 432 2071 non
446 2011 518 2070 luxu
532 2021 650 2089 paratur
662 2011 802 2088 claritas.)

442 2110 462 2167 Ι
463 2109 481 2166 Ι
482 2139 531 2166 .·-
539 2110 669 2168 Viatores
680 2117 709 2168 et
725 2111 828 2168 Latro.

235 2208 311 2268 nuo
326 2225 416 2284 quum
431 2204 597 2265 incidissent
610 2205 639 2264 in
655 2206 808 2265 Latronem
820 2206 935 2278 milites,

239 2306 322 2363 Unus
336 2303 473 2383 profugit,
488 2301 561 2362 aiter
574 2313 671 2362 autem
685 2303 799 2373 restitit,

238 2401 278 2461 Et
290 2400 446 2460 vindicavit
458 2419 520 2459 sese
534 2400 600 2459 forti
615 2400 743 2460 dextera.
984 2421 1037 2459 rem

239 2499 361 2559 Latrone
374 2498 480 2570 occiso,
496 2497 614 2556 timidus
628 2497 751 2556 accurrit
764 2515 870 2570 comes,

237 2597 418 2676 Stringitque
430 2596 560 2674 gladium
571 2616 579 2663 ;
601 2593 669 2654 dein
683 2595 789 2674 rejecta
802 2594 925 2674 penula3

237 2702 257 2728 “
275 2692 386 2765 Cedoss’
401 2694 505 2772 inquit,
520 2701 540 2728 “
557 2693 648 2764 ilium,
659 2692 722 2771 jem
736 2694 844 2752 curabo
858 2690 974 2763 sentiat,

238 2790 320 2858 Quos
335 2787 513 2849 attentdrit.”
552 2791 635 2848 Tunc
649 2788 699 2866 qui
713 2789 947 2867 depugnaverat3

237 2895 256 2921 ‘⁸
274 2887 386 2946 Vellem
401 2886 463 2945 istis
476 2886 568 2945 verbis
582 2885 684 2946 saitem
699 2885 859 2967 adjuvisses
873 2885 970 2958 modo,
987 2907 1040 2948 usos

270 3036 322 3102 ¹³⁰⁰]
340 3038 392 3086 Hos
409 3053 488 3086 versus
502 3037 526 3086 in
542 3037 643 3087 editione
660 3036 763 3102 quadam
779 3036 875 3086 Gallica
893 3036 989 3098 inveni;
1007 3038 1038 3086 ab

235 3117 321 3166 editore
331 3113 474 3164 hauddubie
484 3113 591 3179 scriptos,
599 3123 626 3163 ut
638 3114 828 3180 supplementum
839 3113 929 3162 mutilae
940 3113 1036 3163 inbelle

235 3201 321 3243 essent.
