2298 3684
359 231 515 274 rnnnnnn
530 231 636 274 noun.
859 213 898 276 89

86 364 237 424 Custodes
252 363 361 424 dantur
374 362 482 422 milites
494 360 670 423 cadaverum
827 373 896 432 ‘ino
952 365 956 373 ’

90 463 318 522 Monumentum
327 461 424 540 juxta,
438 461 540 521 mulier
553 481 611 541 quo
626 481 656 520 se
671 461 836 523 incluserat.

90 559 262 637 Aliquando
277 558 376 620 sitiens
388 579 465 619 unus
479 559 516 619 de
530 561 702 618 custodibus
808 603 811 610 .

94 661 219 738 Aquam·
230 658 342 736 rogavit
355 657 450 716 media
464 668 550 717 nocte
561 657 743 732 ancillulam,

92 755 171 823 Quae
185 755 258 815 forte
271 755 398 815 dominae
413 764 485 813 tunc
499 749 657 815 adsistebat
671 775 744 828 suae,

93 853 261 912 Dormitum
276 849 375 912 eunti:
398 871 526 931 namque
538 853 741 913 lucubraverat
802 859 807 872 ⁴
854 873 894 920 ins

92 947 135 1009 Et
149 971 240 1031 usque
255 951 284 1010 in
299 971 392 1010 serum
407 950 518 1028 vigilias
531 951 714 1028 perduxerat.

93 1047 233 1108 Paullum
247 1039 366 1107 reclusis
381 1049 491 1107 loribus
503 1047 585 1106 miles
599 1048 747 1127 prospicit,

93 1144 241 1223 Videtque
254 1163 362 1222 aegram
377 1145 427 1205 sed
442 1145 515 1204 lacis
530 1145 629 1224 pulcra
644 1145 793 1205 feminam.

93 1241 254 1322 Corruptus
267 1243 379 1301 animus
395 1241 472 1302 illico
487 1243 680 1308 succenditur,

94 1339 135 1398 Et
148 1339 240 1400 uritur
253 1338 444 1417 impudicitia¹
458 1337 625 1420 cupidine.'
771 1351 773 1355 '
854 1361 896 1398 nos

93 1436 191 1495 Solers
206 1456 328 1496 acumen
344 1435 421 1496 mille
435 1453 540 1496 causas
552 1436 672 1508 invenit,

93 1534 152 1594 Per
166 1555 241 1613 quas
252 1535 348 1594 rid'ere
362 1535 452 1614 possit
467 1534 546 1593 illam
561 1534 677 1612 saepius.

94 1631 275 1698 Quotidiano
289 1641 376 1710 capta
389 1631 610 1704 consuetudine,

94 1727 253 1788 Paullatim
268 1729 346 1789 lacta
358 1738 402 1788 cst
416 1729 532 1788 advene
545 1728 741 1797 summissior;

97 1825 170 1884 Mox
185 1826 305 1885 arctiore
319 1826 412 1885 vinxit
427 1818 554 1885 animum
569 1825 686 1904 copula.
854 1845 894 1885 ans

95 1922 154 1982 Hic
167 1923 237 1982 dum
251 1923 396 1983 consumit
409 1931 509 1982 noctes
523 1913 624 1982 custos
633 1922 766 2001 diligens,

96 2021 301 2080 Desideratum
315 2031 360 2080 est
372 2040 476 2100 corpus
491 2041 527 2079 ex
541 2041 600 2079 una
613 2039 707 2080 cruce.
784 2061 786 2066 -

93 2117 239 2177 Turbatus
252 2117 334 2177 miles
346 2118 456 2178 factum
470 2117 589 2198 exponit
603 2117 738 2178 mulieri:

49 2269 55 2278 ,
97 2214 138 2272 At
151 2225 252 2275 sancta
266 2215 383 2275 mulier:
406 2223 426 2252 “
442 2215 509 2273 Non
523 2215 659 2294 estquod
673 2215 806 2290 timeas,”
822 2216 880 2285 ait;

94 2310 213 2390 Virique
227 2311 331 2391 corpus
345 2312 432 2371 tradit
445 2311 594 2390 figendum
609 2313 697 2384 cruci,
858 2335 898 2373 210

97 2407 143 2467 Ne
158 2411 260 2468 subeat
273 2409 322 2468 ille
336 2429 438 2488 poenas
454 2410 648 2489 negligentiae.

136 2506 185 2565 Sic
201 2506 349 2586 turpitudo
364 2507 459 2566 laudis
472 2507 586 2566 obsedit
600 2507 706 2568 locum.

351 2605 382 2662 X
388 2606 535 2663 V.-Duo
543 2607 639 2680 proci.

96 2701 197 2760 Uunsr
211 2702 386 2780 expetebant
399 2703 525 2760 Jnvenes
538 2700 687 2778 Virginem
703 2701 781 2761 dno:
879 2735 881 2740 ·

95 2797 174 2858 Vicit
187 2797 317 2878 locuples
331 2819 423 2877 genus
436 2807 466 2858 et
480 2799 601 2858 sormam
617 2798 761 2877 pauperis.

95 2894 134 2953 Ut
149 2895 313 2975 nuptiarum
328 2895 424 2956 dictus
438 2895 554 2955 advenit
568 2894 640 2966 dies,
856 2887 894 2956 erl

96 2975 217 3064 Amans,
233 2992 360 3052 dolorem
375 2994 515 3071 quianon
531 3003 643 3072 poterat
656 2994 776 3072 perpeti,

94 3087 219 3149 Moerens
234 3090 410 3170 propinquos
425 3091 548 3150 contulit
561 3110 592 3150 se
604 3091 633 3148 in
646 3089 776 3148 hortulos
789 3109 797 3158 ;
884 3123 885 3126 =

93 3187 174 3254 Quos
191 3188 266 3248 ultra
281 3188 381 3268 paullo
395 3188 464 3248 villa
477 3187 621 3268 spendida
635 3187 733 3247 divitis
750 3215 752 3220 ¹
768 3215 770 3220 ¹
867 3193 889 3234 1³
