2298 3684
206 290 208 297 s
283 247 452 286 nrrcunrx
470 247 682 287 funuernum.
841 229 879 287 63

261 375 475 451 II.-Lepores
496 376 566 434 Vite
575 374 704 450 pertusi.

80 474 149 542 Qui
166 472 307 534 sustinere
319 491 377 531 non
393 481 488 551 potest
502 491 585 530 suurn
603 471 722 543 malum,

83 571 166 629 Alios
180 569 323 648 inspiciat,
338 579 368 630 et
379 569 680 635 ,discattolcmntiam

82 666 251 746 Aliquando
265 667 294 728 in
308 667 386 726 silvis
400 666 518 745 strepitu
533 686 638 744 magno
654 666 762 729 conciti

82 763 206 841 lepores
220 764 358 834 clamant,
373 784 403 824 se
418 771 532 843 propter
546 764 675 824 assiduos
689 774 785 824 metus
820 785 883 824 asts

86 860 184 920 Finire
199 861 272 925 velle
288 865 385 922 vitam.
428 862 477 921 Sic
492 861 647 939 quemdam
663 861 701 921 ad
717 862 817 921 lacum.

83 957 245 1030 Venerunt,
260 959 356 1020 miseri·
367 979 426 1038 quo
441 979 475 1018 sa
484 959 648 1038 praecipites
661 959 772 1018 darent.

84 1054 220 1114 Adventu
235 1076 356 1135 quorum
371 1069 524 1136 postquam
538 1075 617 1115 ranae
632 1056 740 1117 territae

85 1152 201 1211 Virides
216 1152 243 1211 in
258 1153 337 1230 algas
350 1153 450 1214 misere
465 1153 610 1231 fugientes
623 1163 728 1213 ruunt:

88 1249 182 1319 Heus,
198 1249 291 1328 inquit
305 1269 390 1322 unire,
406 1261 474 1309 sunt
488 1249 589 1322 etalii,
604 1270 677 1329 quos
690 1249 775 1309 timor
837 1265 888 1309 asto

89 1345 188 1405 Vexat
200 1345 350 1408 malorum.
390 1349 477 1407 Ferte
491 1347 577 1406 vitam
593 1358 626 1406 ut
640 1348 747 1407 caeteri.

288 1446 500 1522 [IL-Vulpis
514 1455 544 1504 et
557 1446 686 1521 Jupiter.

90 1539 260 1619 Nurunrn
276 1551 388 1621 turpem
402 1542 483 1600 nulla
497 1541 613 1618 fortuna
627 1541 747 1620 obtegit.

92 1639 260 1702 Humanam
274 1640 304 1698 in
318 1639 441 1718 speciem
457 1658 547 1716 quum
562 1639 691 1698 vertisset
705 1638 819 1716 Jupiter

92 1735 229 1814 Vulpem,
242 1737 330 1814 regali
345 1737 440 1816 pellex
453 1747 487 1795 ut
500 1735 701 1807 seditthrono,
720 1763 723 1768 ·
743 1759 745 1766 ⁴
844 1733 848 1745 ’

92 1833 267 1892 Scarabeum
282 1834 353 1893 vidit
367 1843 565 1913 prorepentem
579 1853 615 1892 ex
630 1832 755 1911 angulo;
833 1846 885 1892 1³6⁵

95 1930 261 2008 Notamque
275 1931 311 1991 ad
326 1931 454 2010 praedam
469 1930 553 1989 celeri
567 1930 698 2009 prosiluit
711 1929 812 2009 gradu.

94 2027 197 2106 Superi
211 2028 304 2097 risere,
319 2049 441 2106 magnus
456 2027 569 2086 erubuit
583 2038 674 2106 pater,

97 2124 291 2203 Repudiatam
307 2137 477 2204 turpemque
491 2124 623 2203 pellicem
638 2125 765 2204 expulit;

97 2220 151 2278 His
165 2232 375 2300 prosequutus:
398 2221 473 2280 Vive
485 2239 544 2299 quo
558 2220 648 2298 digna
662 2241 692 2280 es
707 2221 804 2292 modo,

95 2317 171 2390 Quae
186 2318 289 2377 nostris
304 2317 472 2380 uti'meritie
484 2318 571 2395 digne
586 2337 643 2396 pon
659 2328 752 2397 potas.
818 2363 822 2370 .
841 2339 892 2380 1⁵70

349 2416 504 2474 IV.-Leo
518 2424 551 2474 et.
562 2415 642 2474 Mus.

100 2510 150 2568 Nr.
164 2511 228 2589 quis
243 2512 365 2572 minores
379 2511 468 2572 laedat
481 2511 580 2570 sabula
594 2510 658 2570 haeo
672 2520 778 2570 monet.

99 2608 195 2671 leone
207 2608 236 2670 in
251 2608 323 2669 silva
334 2609 506 2680 dormiente,
521 2608 620 2666 rustici

101 2705 299 2767 Luxuriabant
311 2713 405 2766 mures
417 2726 424 2774 ;
448 2727 523 2764 unus
537 2726 572 2764 ex
588 2707 630 2764 eis
828 2781 833 2790 ,

99 2803 195 2882 Super
207 2804 361 2866 cubantem
376 2823 445 2864 casn
459 2803 586 2880 quodam
602 2801 722 2860 transiit.
740 2855 742 2862 Α

101 2900 333 2979 Expergefactus
347 2901 480 2963 miserum
496 2901 553 2961 Leo
567 2900 652 2960 celeri
668 2901 778 2978 impetu
846 2918 898 2957 rus

104 2997 257 3075 Adripuit3
281 2997 328 3056 ille
342 2998 455 3056 veniam
469 2997 523 3055 sibi
537 2997 598 3055 dari
613 3009 705 3074 rogat,

99 3093 218 3176 Crimen
233 3094 349 3164 latetur,
365 3105 517 3173 peccatum
534 3094 746 3172 imprudentiae.
768 3103 785 3174 ’ἵ
838 3103 842 3110 ’

101 3177 169 3253 lloc
185 3191 248 3250 Rex
264 3183 364 3250 ulcisci
378 3191 534 3270 gloriosum
549 3210 608 3251 non
624 3200 739 3270 putans,
820 3255 824 3264 ¹
