2298 3684
176 305 181 309 ξ
266 233 306 290 64
597 251 733 292 annum
773 235 775 240 '

267 378 381 458 Ignovit
394 389 425 439 et
437 378 555 438 dimisit.
597 380 669 439 Post
682 399 792 460 paucos
805 380 868 440 dies
924 411 928 420 ·

267 479 323 536 Leo
337 478 408 536 dum
423 487 543 556 vagatur
556 486 656 551 noctu,
671 478 700 537 iu
714 479 826 536 foveam
841 476 961 536 decidit.
1011 499 1061 536 reso
1129 509 1130 532 r

266 576 392 656 Captum
407 585 440 635 ut
452 595 482 634 se
494 575 612 651 agnovit
626 575 749 654 laqueis,
763 595 833 634 voce
847 575 976 634 maxima

266 673 375 751 Rugire
388 671 492 752 coepit;
514 672 600 752 cujus
614 673 769 731 immanem
783 673 820 732 ad
832 693 936 731 sonum

265 772 333 830 Mus
348 770 443 830 subito
458 788 627 829 accurrens:
650 768 717 828 Non
732 769 868 846 estquod
884 769 996 841 timeas,
1010 769 1059 839 ait,

266 866 413 926 Beneficio
427 885 533 944 magno
546 865 669 943 gratiam
683 866 801 926 reddam
816 885 924 945 parem.

265 964 338 1023 Mox
352 984 452 1023 omnes
466 975 555 1036 artus,
571 973 686 1024 artuum
700 975 731 1023 et
745 964 883 1042 ligamina
1011 985 1061 1024 reas

265 1061 397 1120 Lustrare
411 1061 508 1138 coepit,
522 1061 710 1138 cognitosque
723 1061 858 1120 dentibus

266 1158 376 1216 Nervos
390 1157 518 1217 rodendo
530 1158 611 1217 laxat
625 1158 741 1235 ingenia
756 1171 881 1217 artuum.

263 1255 311 1314 Sic
326 1266 445 1334 captum
460 1275 524 1313 mus
538 1255 650 1313 leonem
665 1255 741 1313 silvis
756 1255 889 1314 reddidit.

483 1353 652 1411 V.—Homo
666 1361 695 1410 et
709 1353 843 1432 Arbores.

264 1450 424 1509 Pnnnunr
439 1449 498 1508 suis
512 1449 650 1508 auxilium
664 1447 715 1526 qni
729 1449 801 1507 dant
816 1448 954 1508 hostibus.

302 1548 394 1606 Facta
406 1547 525 1627 bipenni
539 1545 656 1624 qnidam
672 1547 710 1605 ab
724 1546 880 1604 Arboribus
893 1545 977 1624 petit,
1005 1566 1056 1610 seno

262 1643 374 1705 Darent
387 1644 568 1704 manubrium
582 1664 598 1702 e
611 1643 700 1720 ligno,
714 1642 792 1722 quod
809 1645 923 1702 firmum
937 1643 1021 1702 foret.

261 1742 364 1802 Subito
373 1744 523 1822 jussemnt
534 1760 633 1800 omues
646 1741 801 1800 oleastrum
815 1741 894 1800 dari:

261 1839 385 1917 Accepit
399 1859 515 1909 munus,
530 1848 634 1916 aptans
648 1848 678 1896 et
692 1837 873 1896 manubrium

261 1936 357 2015 Coepit
371 1936 463 1996 securi
477 1955 583 2014 magna
597 1935 728 1994 excidere
742 1936 853 1993 robora.

261 2032 318 2091 Hic
331 2032 402 2091 dum
416 2033 578 2091 truncanda
590 2031 718 2109 eligeret,
734 2031 860 2090 Fraxino
1006 2051 1056 2098 raas

261 2128 375 2188 Dixisse
390 2129 479 2187 fertur
493 2129 644 2197 Quercus:
668 2127 773 2187 Merito
786 2128 935 2188 caedimur.

496 2227 663 2285 VL-Mus
675 2235 705 2285 ct
719 2227 819 2284 Rana.

259 2323 343 2394 Mus,
357 2342 416 2401 quo
430 2324 550 2382 transire
564 2333 661 2402 posset
675 2323 782 2381 flumen
796 2321 919 2392 facilius,

258 2419 407 2478 Auxilium
423 2421 516 2479 Ranae
531 2421 612 2499 petit.
656 2420 730 2478 Hmc
743 2419 831 2478 muris
845 2419 945 2496 alligat

258 2517 330 2576 Lino
344 2517 466 2596 priorem
481 2537 546 2576 crus
560 2517 596 2576 ad
613 2517 754 2595 posterius
766 2516 879 2596 pedem.

257 2614 381 2674 Amnem
396 2625 530 2676 natantes
544 2615 592 2674 vix
609 2613 734 2674 medinm
750 2614 934 2684 devenerant,
1004 2628 1055 2672 roos

257 2711 357 2778 Quum
372 2713 467 2783 Rana,
482 2711 578 2770 subito
593 2711 716 2771 fundum
730 2711 856 2769 fluminis
871 2719 982 2788 petens,

257 2808 296 2867 Se
310 2808 423 2887 mergit,
436 2809 510 2867 muri
524 2819 557 2869 ut
570 2809 659 2868 vitam
673 2809 794 2887 eriperet
808 2806 926 2888 perfide.

286 2915 326 2947 ¹⁵⁸⁰
340 2919 388 2973 Qut
398 2917 467 2980 duat]
480 2918 523 2967 Al.
535 2924 543 2946 ⁴
555 2917 744 2982 dantes.'-¹⁵⁹¹]
762 2918 803 2967 Al.
820 2924 827 2945 ‘
840 2918 910 2966 Man.
922 2925 949 2965 ut
959 2915 999 2967 dn.
1010 2933 1024 2966 e
1035 2919 1054 2966 l.

252 2995 353 3059 quior.
372 2995 494 3044 firmum:
510 2996 572 3060 juss.
591 2995 733 3059 &c.’-¹⁵⁹³]
753 2996 796 3044 Al.
818 2995 898 3044 ‘Ace
916 2993 957 3044 ille
980 3009 1014 3045 m.
1031 3003 1055 3044 et

255 3073 325 3121 Man.
339 3072 397 3138 apt.
408 3088 427 3120 s.
436 3089 468 3121 m.
480 3072 551 3121 caedit
561 3089 579 3120 r.
593 3073 706 3137 Dumque
716 3072 818 3137 eligebat
828 3089 853 3138 q.
864 3071 898 3120 sic
911 3072 983 3120 Frax.
994 3071 1054 3120 Dix.

253 3149 271 3198 s.
285 3150 334 3208 Qu.
350 3165 382 3199 m.
402 3149 522 3199 maleficas
541 3150 648 3198 Patimur
666 3151 790 3216 bipennes,
810 3151 897 3216 quibus
916 3149 1056 3216 adjumento

251 3229 354 3274 sumus!
