2286 3696
238 217 276 272 2¹4
348 234 484 275 runnnr
499 233 707 278 ranuannun
723 237 921 281 nsorrnnuu

237 363 392 442 Impendas
405 365 657 442 curamquamrei
670 365 848 440 domestica,
908 403 911 408 -
996 397 999 405 ·

237 461 356 523 Rmdas
369 463 467 522 amicis
479 474 618 542 tempora,
631 464 714 524 uxori
726 482 822 538 vaces,

237 558 373 621 Animum
387 561 507 633 relaxes,
522 560 613 620 otium
627 560 817 640 descorpori,
993 585 1037 624 ssa
1140 641 1141 650 ἵ

236 657 277 716 Ut
291 657 555 717 adsuetamsortius
568 657 814 736 proestesvicemi

236 754 413 814 Mutandum
426 753 479 814 tibi
493 755 737 834 propositumest,
750 765 780 816 et
792 755 861 816 vitoe
874 773 975 835 genua
1005 793 1008 798 ·

236 852 346 912 Intrare
358 852 384 912 si
395 851 545 916 Musarum
560 852 647 912 limen
661 852 781 930 cogitas.

235 948 309 1026 Ego,
324 969 411 1027 quem
426 949 520 1008 Pierio
533 959 623 1008 mater
636 950 721 1010 enixa
733 959 777 1008 est
786 951 870 1030 jugo,

236 1045 272 1104 In
286 1065 344 1124 quo
357 1047 483 1106 Tonanti
495 1056 597 1106 sancta
609 1047 798 1126 Mnemosyne
811 1046 877 1106 Jovi
992 1067 1036 1106 555

236 1143 385 1202 Foecunda
398 1143 494 1203 novies
509 1143 617 1203 artium
626 1144 736 1222 peperit
748 1143 877 1218 chorum,

236 1240 375 1308 Quamvis
389 1239 418 1298 in
433 1241 495 1320 ipsa
508 1240 660 1300 natus-sim
673 1259 747 1319 pene
760 1240 869 1312 schola,
884 1290 890 1302 t

236 1337 401 1415 Curamque
413 1337 539 1398 habendi
553 1336 768 1415 penitus÷corde
781 1336 926 1410 eraserim,
954 1369 956 1376 >

236 1434 275 1493 Et
289 1434 368 1494 haud
382 1434 470 1494 invite
483 1434 572 1494 vitam
585 1435 613 1493 in
628 1433 704 1494 hanc
718 1433 909 1506 incubuerim,

235 1531 394 1592 Fastidiose
407 1541 505 1592 tamen
519 1533 548 1590 in
563 1541 669 1591 coetum
684 1531 812 1610 recipior.
987 1548 1031 1594 mo

235 1627 314 1697 Quid
327 1629 419 1689 credis
433 1627 474 1688 illi
487 1629 627 1701 accidere,
641 1629 691 1707 qui
705 1646 825 1706 magnas
840 1648 909 1708 opes

235 1725 417 1805 Exaggerare
430 1727 534 1805 quaerit
546 1726 625 1786 omni
638 1724 745 1804 vigilia,

236 1823 331 1883 Docto
345 1822 436 1883 labori
449 1822 535 1883 dulce
549 1841 719 1901 praeponens
733 1820 870 1880 lucrum?

234 1921 293 1980 Sed
304 1921 368 2000 jam
382 1919 578 1999 quodcunque
591 1919 676 1978 suerit
690 1920 737 1995 (ut
750 1917 823 1977 dixit
838 1916 929 1976 Sinon

233 2017 280 2076 Ad
295 2036 391 2096 regem
404 2036 499 2095 quum
510 2015 668 2084 Dardania)
681 2014 836 2094 perductus
849 2014 934 2092 soret)
989 2029 1029 2074 sos

234 2114 349 2173 Librum
363 2114 488 2174 exarabo
500 2113 616 2172 tertium
631 2111 730 2190 AEsopi
744 2111 835 2191 stylo„

234 2211 345 2271 Honori
359 2223 389 2270 et
401 2210 508 2270 meritis
520 2209 658 2271 dedicans
672 2208 753 2268 ilium
768 2207 843 2268 tuis:

233 2310 329 2377 Quem
344 2307 627 2386 5ἰ15355,,155551)οῐ;
651 2306 694 2365 sin
710 2317 807 2366 autem
821 2303 927 2377 minus,

233 2408 393 2474 Habebunt
406 2414 482 2465 certe
495 2423 598 2482 quase
611 2401 757 2462 oblectent
769 2401 885 2481 posteri.
979 2465 981 2471 y

274 2505 361 2564 Nunc
375 2502 551 2568 Fabularum
565 2500 666 2560 carsit
680 2500 831 2574 inventum
843 2518 946 2576 genus,
990 2520 1030 2566 uro

232 2603 317 2662 Brevi
330 2601 451 2661 docebo.
493 2599 622 2659 Servitus
635 2597 761 2657 obnoxia

232 2700 311 2767 Quia
322 2717 390 2778 quae
403 2697 519 2757 volebat
531 2715 590 2755 non
604 2694 730 2757 audebat
742 2693 853 2770 dicere„

231 2823 295 2872 niam
307 2828 385 2870 autem
396 2819 531 2884 hujusmodi
542 2818 638 2866 funerea
646 2813 817 2864 carminanihil
826 2814 1028 2879 juvantmortuos,

231 2899 311 2948 omnia
323 2898 422 2948 dictast
435 2896 539 2946 carmina
550 2895 632 2960 inepta¹
643 2892 722 2942 dixere
736 2890 853 2940 nenias.''
871 2892 1027 2941 Gronov.—

231 2978 273 3043 ωι]
290 2977 307 3027 i.
319 2992 341 3026 e.
360 2985 387 3025 ut
401 2974 475 3024 solitis
488 2973 623 3022 muneribus
635 2970 720 3019 melius
735 2967 911 3032 iungaris—⁵⁸⁸
930 2969 1027 3030 Curum7

231 3053 340 3116 habendi]
361 3067 464 3102 amorem
486 3046 649 3098 nummi·.-⁶²⁰
671 3045 784 3108 Seruitus]
809 3045 923 3110 AEsopm,
941 3047 981 3110 qui
1000 3047 1027 3096 in

231 3133 338 3188 servitute
355 3137 413 3182 erat.
447 3127 565 3190 obnoxia]
586 3124 604 3175 i.
622 3139 645 3176 e.
667 3123 755 3172 multus
773 3121 929 3172 contumelias
946 3133 1028 3174 coacta

229 3211 289 3277 parit
