2286 3696
233 213 272 272 40
346 229 480 270 eunom
495 229 703 272 responsura
721 227 913 271 asorrnnuu

232 357 340 428 Quare,
355 356 513 431 Particulo,
528 357 664 435 quoniam
678 357 789 436 caperis
802 357 928 432 fabulis,
945 399 948 406 ·
989 373 1031 424 ooo
1126 361 1131 366 '

233 453 315 521 Quas
330 455 479 534 AEsopeas,
491 474 552 513 uon
568 455 680 534 AEsopi‚
690 455 822 526 nomino,
1017 450 1022 460 ’

232 550 324 618 Quasi
337 570 431 630 pauca
444 550 493 609 ille
505 550 642 623 ostendit,
657 571 711 628 ego
725 552 820 629 plures
834 551 952 624 dissero,
967 547 970 553 ’

233 648 310 706 Usus
323 656 436 718 vetusto
451 667 563 724 genere,
577 647 628 707 sed
641 649 727 707 rebus
740 647 831 708 novis.

233 745 376 812 Quartum
390 745 520 804 libellum
533 746 648 805 dum'tu
662 745 738 805 varie
753 744 891 826 perleges,

232 841 320 900 Hunc
334 843 494 902 obtrectare
506 842 530 900 si
541 841 619 901 'volet
630 841 807 920 malignitas,
985 859 1033 909 ms

146 983 148 990 .
233 938 341 998 Imitari
355 939 425 997 dum
439 958 498 998 non
512 939 612 1016 possit,
627 939 767 998 obtrectet
781 940 858 999 licet.

232 1033 306 1093 Mihi
320 1045 403 1114 parta
417 1035 480 1094 laus
489 1046 548 1108 est,
562 1036 642 1114 quod
657 1045 699 1105 tu,
713 1035 792 1114 quod
807 1036 911 1097 similes
923 1038 966 1097 tui

232 1131 349 1191 Vestras
364 1133 392 1190 in
407 1133 520 1191 chartas
534 1134 621 1191 verba
634 1132 792 1192 transfertis
806 1154 883 1206 mea,

233 1229 420 1308 Dignumque
434 1231 521 1307 longa
531 1229 669 1310 judicatis
683 1230 830 1292 memoria.

233 1325 403 1386 illiteratum
415 1325 549 1406 plausum
564 1345 622 1386 non
638 1327 778 1387 desidero.
988 1351 1030 1395 oro

440 1425 645 1484 I.-Mastala
659 1435 688 1483 et
703 1426 816 1484 Mures.

231 1521 249 1580 J
253 1539 405 1580 ocunnnn
420 1521 472 1580 tibi
485 1520 616 1582 videtur:
640 1525 750 1580 et'sane
763 1521 834 1594 leve,

233 1618 310 1677 Dum
325 1619 396 1677 nihil
410 1617 550 1677 habemus
564 1619 668 1698 majus,
682 1618 794 1677 calamo
809 1619 935 1678 ludimus
948 1639 956 1686 ;

232 1714 291 1774 Sed
305 1715 457 1793 diligenter
471 1715 581 1774 intuere
595 1715 648 1773 has
664 1715 773 1774 nenias.

232 1811 380 1879 Quantam
395 1813 449 1871 sub
463 1812 518 1870 illis
533 1811 684 1871 utilitatem
700 1812 845 1890 reperies?

231 1908 300 1967 Nou
315 1927 426 1988 semper
439 1929 474 1968 ea
488 1920 556 1968 sunt
569 1929 636 1987 quae
652 1909 803 1977 videntum
827 1908 935 1990 decipit
989 1931 1029 1976 ors

231 2007 322 2065 Frons
337 2007 430 2085 prima
442 2007 568 2067 multos:
591 2026 654 2066 rara
668 2025 749 2086 mens
764 2006 908 2085 intelligit,

232 2102 318 2170 Quod
335 2103 464 2162 interiore
478 2093 607 2161 condidit
621 2093 691 2162 cura
705 2103 822 2180 angulo.

232 2199 298 2258 Hoc
312 2219 348 2258 ne
362 2200 500 2278 loquutus
515 2199 575 2258 sine
591 2199 721 2258 mercede
736 2200 892 2272 existimer,

231 2292 530 2376 Fabellamadjiciam¹
543 2296 579 2355 de
594 2296 715 2355 mustela
728 2307 757 2356 et
771 2298 908 2356 muribus.

232 2393 359 2452 Mustela
372 2413 462 2470 quum
477 2393 571 2463 annis,
586 2402 616 2451 et
629 2404 745 2452 senecta
759 2394 861 2453 debilis
988 2416 1028 2460 ooo

231 2491 330 2550 Mures
344 2490 456 2550 veloces
469 2508 527 2549 non
541 2490 648 2550 valeret
661 2491 791 2569 adsequi,

232 2588 353 2646 Involvit
366 2608 397 2648 se
409 2588 511 2659 lerina,
526 2600 555 2648 et
568 2588 690 2646 obscuro
704 2587 767 2647 loco

231 2685 346 2764 Abjecit
360 2685 546 2763 negligenter.
591 2685 658 2744 Mus
673 2704 769 2744 escam
785 2695 903 2764 putans,

228 2780 366 2853 Adsiluit,
378 2791 411 2841 et
422 2801 601 2861 compressus
615 2780 752 2848 occubuit
766 2779 847 2843 neci:

231 2877 311 2936 Alter
323 2877 462 2950 similiter,
477 2878 583 2938 deinde
598 2879 681 2956 periit
692 2879 811 2948 tertius:
986 2899 1026 2945 oss

231 2973 351 3053 Aliquot
365 2976 503 3052 sequutis,
520 2975 596 3034 venit
610 2985 640 3035 et
653 2976 818 3048 retorridus,
898 2966 902 2971 ’
937 2987 939 2992 “

261 3101 303 3166 ⁹⁸²]
321 3103 414 3154 Gailius
431 3103 478 3168 leg.
496 3111 503 3134 ⁴
517 3105 611 3154 Paucas
627 3105 728 3153 ostendit
745 3104 866 3154 illel-⁹²⁶
885 3105 950 3153 Rura
962 3123 1026 3168 meru

230 3181 288 3246 int]
301 3181 318 3231 i.
328 3197 350 3230 e.
364 3185 371 3208 ⁴
382 3195 465 3248 paucae
476 3190 566 3230 mentm
576 3179 628 3230 int'
638 3181 685 3231 sive
698 3185 705 3210 ⁸
717 3197 783 3230 mens
794 3183 863 3232 raro)
