2286 3696
226 192 245 249 4
339 207 473 248 eunnnr
490 208 697 253 rasurarum
714 210 906 252 nsocrnnun

225 338 349 416 AEsopus
363 321 445 396 nubis
461 336 516 397 hoc
530 335 697 414 exemplum
711 337 876 416 prodidit-
940 344 944 352 ”

262 433 390 492 Tumens
405 431 483 491 inani
497 431 633 509 graculus
648 433 791 512 snperbia,

224 530 350 602 Pennas,
365 529 470 609 pavoni
483 549 549 609 quae
564 527 743 604 deciderant,
759 532 886 605 sustulit,

224 629 319 706 Seque
333 626 501 686 exornavit:
524 624 631 688 deinde
644 638 833 690 contemnens
845 650 923 702 suos,
1020 643 1025 683 ἴ

224 725 361 783 Formoso
376 743 405 782 se
419 742 564 803 pavonum
578 723 734 785 immiscuit
748 725 837 805 gregi.
994 741 1024 788 60*

224 820 270 883 Illi
285 819 443 900 impudenti
457 839 568 899 pennas
581 821 707 902 eripiunt
720 823 775 895 avi,

222 920 396 996 Fugantque
409 918 517 980 rostris.
559 918 640 978 Male
658 919 827 994 mulctatus,
841 920 975 999 graculus

224 1014 330 1074 Redire
343 1035 465 1078 moerens
479 1015 568 1094 coepit
581 1015 619 1075 ad
633 1017 781 1096 proprium
795 1038 906 1097 genus:

222 1114 248 1171 A
263 1131 322 1192 quo
336 1112 478 1191 repulsus,
493 1112 602 1172 tristem
614 1114 751 1173 sustinuit
764 1125 875 1176 notam.

220 1209 296 1269 Tum
311 1209 429 1287 quidam
444 1230 480 1268 ex
494 1208 560 1280 illis,
575 1228 648 1286 quos
662 1209 741 1290 prius
753 1210 934 1292 despexerat,
994 1220 1022 1320 ts

222 1307 420 1365 “Contentus
435 1305 539 1367 nostris
552 1326 576 1363 sr
568 1305 693 1366 fuisses
707 1305 836 1380 sedibus,

223 1404 262 1463 Et
275 1402 353 1482 quod
367 1413 470 1462 natura
484 1401 612 1474 dederat,
628 1400 766 1463 voluisses
780 1403 852 1483 pati,

223 1501 287 1560 Nec
301 1501 382 1566 illam¹
394 1510 528 1579 expertus
541 1519 618 1558 esses
633 1500 850 1573 contumeliam,

224 1599 286 1659 Nec
300 1598 375 1658 hanc
389 1597 532 1677 repulsam
548 1606 600 1656 tua
612 1597 731 1658 sentiret
743 1596 923 1661 calamitas?

277 1696 472 1756 IV.-Ganis
480 1716 537 1772 per
551 1697 690 1755 Fluvium
707 1693 832 1755 Carnem
846 1699 965 1757 Ferant.
1019 1749 1023 1760 .

223 1791 815 1870 Aurrrrrmeritoproprium,quielienum
823 1793 974 1872 appetit-
993 1814 1021 1856 ro

223 1889 322 1961 Canis,
336 1909 386 1969 per
401 1888 507 1948 llumen
521 1904 637 1948 carnem
651 1888 721 1949 dum
735 1889 822 1950 ferret
835 1901 951 1962 natans,
1024 1901 1027 1906 '

223 1986 417 2066 Lympharum
429 1986 458 2044 in
471 1985 589 2064 speculo
599 1984 671 2044 vidit
678 1986 864 2047 simulacrum
876 1997 970 2062 suum,
1018 2001 1025 2030 ’·

223 2083 376 2162 Aliamque
390 2082 519 2162 praedam
534 2083 571 2141 ab
584 2082 641 2141 alio
654 2082 769 2161 perferri
783 2095 900 2163 putans,

223 2180 340 2261 Eripere
353 2179 444 2240 voluit
458 2199 465 2238 :
486 2197 585 2238 verum
598 2177 722 2257 decepta
736 2179 871 2252 aviditas,
974 2240 977 2250 ,

225 2278 273 2349 Et,
287 2297 374 2357 quem
388 2276 515 2348 tenebat,
528 2294 578 2334 ore
591 2274 707 2346 demisit
718 2274 826 2348 cibum,
994 2297 1024 2346 ra

225 2376 300 2448 Nec,
313 2394 400 2455 quem
413 2374 539 2453 petebat,
553 2372 648 2452 potuit
663 2372 736 2432 adeo
750 2372 901 2451 attingere.

340 2474 414 2531 V.—
422 2473 527 2544 Vacca,
547 2470 683 2548 Capella,
701 2471 783 2542 Ovis,
797 2480 827 2530 et
840 2473 908 2532 Leo.

227 2570 401 2635 Nurcunu
417 2579 462 2628 est
472 2567 565 2627 fidelis
578 2587 645 2627 cum
659 2575 778 2645 potente
791 2566 914 2628 societas
926 2589 934 2637 ;
1020 2592 1027 2613 ³

224 2668 357 2726 Testatur
369 2666 434 2725 lraec
446 2665 554 2725 labella
567 2663 745 2743 propositum
758 2683 896 2723 meum-

265 2766 376 2837 Vacca,
390 2773 420 2822 et
431 2761 552 2842 capella,
567 2771 597 2820 et
609 2760 722 2841 patiens
735 2761 796 2821 oris
810 2761 935 2842 injurius,
1015 2777 1021 2784 ’

226 2862 303 2923 Socii
316 2861 395 2920 fuere
408 2879 475 2918 cum
490 2858 572 2918 leone
586 2858 614 2916 in
624 2857 762 2918 saltibus.
994 2882 1023 2922 no

228 2959 269 3019 Hi
281 2978 348 3018 cum
362 2956 505 3036 cepissent
519 2974 633 3015 cervum
646 2955 719 3014 vasti
733 2955 868 3034 corporis,

227 3052 276 3115 Sic
291 3065 335 3115 est
346 3054 473 3126 locutus,
484 3052 613 3132 partibus
625 3051 720 3125 factis,
733 3050 789 3124 leo,

258 3168 280 3199 ⁸⁴
298 3168 392 3218 Tristem
402 3166 491 3231 mam]
503 3166 549 3216 is.
558 3162 771 3232 turpitudinis—²⁸
787 3165 829 3217 Al.
843 3165 917 3218 ‘adeo
928 3166 1023 3232 potuit)
