2298 3684
408 223 614 265 snuunnrrrs.
820 263 824 272 ,
849 207 913 265 1123

116 354 211 414 Velox
225 352 711 433 consiliumsequitur-poeniteutia.
738 373 740 378 ·

114 451 243 512 Vedium
256 468 352 524 omne,
367 449 464 523 refert,
478 451 509 509 in
522 469 611 528 quam
624 458 734 528 parum
748 447 902 528 intelligas.

115 547 223 608 Verum
236 557 290 620 est,
304 547 384 626 quod
398 566 449 627 pro
462 548 555 607 salute
567 547 611 618 fit,
626 545 818 606 mendacium.

117 645 226 706 Verum
240 665 292 704 cur
303 663 361 703 non
377 644 532 704 audimus?
553 644 693 723 quianon
709 642 842 702 dicimus.
872 661 912 706 rso

75 809 80 819 Ι
113 737 277 802 Vnuu'uurr
290 737 407 801 ferendo
415 740 559 821 injuriam,
570 740 671 800 invites
683 743 781 818 (uites)
796 759 909 800 novam.

116 837 179 898 Viri
193 840 263 900 boni
276 849 321 898 est
335 839 445 898 nescire
458 839 553 898 lacere
567 837 719 917 injurium:

114 935 216 996 Virum
232 938 340 996 bouum
355 944 468 1006 natura,
484 953 543 994 uon
557 934 638 1007 ordo,
650 934 731 994 faciti

114 1033 230 1094 Virtute
244 1033 323 1112 quod
337 1052 396 1093 non
410 1031 513 1113 possis,
526 1031 669 1092 blanditia
681 1033 803 1092 auferas.

115 1129 224 1191 Virtuti
237 1129 363 1190 amorem
377 1149 462 1189 nemo
476 1127 747 1208 honestedenegat.
872 1147 911 1192 res

114 1228 223 1288 Virtuti
238 1229 344 1288 melius¹
354 1247 443 1307 quam
457 1227 595 1286 Fortunae
609 1227 743 1287 creditur.

114 1325 236 1385 Virtutis
250 1325 344 1405 spolia
356 1345 424 1384 cum
438 1325 524 1397 videt,
540 1324 649 1402 gaudet
658 1325 752 1385 'lobon

113 1422 236 1483 Virtutis
249 1423 347 1483 vultus
361 1433 472 1502 partem
486 1421 725 1504 habet³victoriae.

114 1521 167 1580 Vis
181 1519 314 1581 omnibus
328 1540 390 1580 esse
404 1519 514 1580 notusl
535 1518 613 1578 nuris
626 1519 780 1580 neminem.

115 1617 228 1679 Vitium
244 1619 310 1691 fuit,
325 1638 404 1678 nunc
418 1637 481 1678 mos
494 1625 538 1676 est
552 1617 719 1676 assentatio.
872 1631 911 1680 roo

113 1716 173 1775 Vix
187 1718 340 1796 quisquam
353 1715 458 1776 transit
472 1715 501 1773 iu
515 1715 635 1786 bonurn,
651 1713 706 1772 nisi
719 1734 755 1774 ex
768 1714 854 1774 malo.

114 1813 220 1873 Ulcera
233 1813 321 1873 animi
336 1811 466 1873 sananda
478 1810 570 1891 magis
583 1829 672 1890 quam
686 1811 822 1890 corporis.

114 1911 197 1971 Unus
208 1910 269 1994 dies
283 1930 399 1990 poenam
413 1908 507 1980 affert,
522 1907 606 1967 multi
618 1907 759 1986 cogitant.

114 2006 257 2087 Voluptas
272 2025 288 2066 e
301 2005 414 2066 difficili
428 2007 497 2066 data
511 2004 678 2064 dulcissima
691 2015 744 2083 est.

114 2104 259 2164 Voluntas
273 2123 360 2182 quem
373 2102 523 2181 pudicum,
535 2119 594 2161 non
609 2120 724 2181 corpus,
736 2101 816 2163 facit.
871 2117 911 2167 ass

114 2201 259 2282 Voluptas
271 2200 362 2260 tacita
377 2219 461 2278 mage
476 2210 570 2259 metus
584 2218 672 2277 quam
685 2199 824 2278 gaudium
837 2207 889 2260 est.

114 2300 276 2378 Utrumque
290 2317 390 2358 casum
404 2296 532 2377 aspicere
545 2296 641 2368 debet,
655 2297 708 2376 qui
720 2297 849 2377 imperet.

113 2395 206 2456 Vultu
219 2417 257 2456 an
270 2405 374 2455 natura
387 2395 426 2454 sis
440 2393 565 2474 sapiens,
578 2393 703 2452 multum
717 2393 843 2470 interest.

113 2673 281 2744 Assoron,
293 2680 404 2750 quanto
418 2669 447 2730 in
460 2681 519 2732 arte
533 2680 578 2732 est
591 2671 792 2746 meliorantes
801 2684 846 2737 est
860 2695 910 2758 ue-

137 2815 140 2824 .
233 2789 333 2848 quior..

113 2962 909 3043 Cuiquidviudicandumest‚omnisoptimaestocoasio.

113 3053 343 3122 Oouscruurin
355 3059 444 3120 animi
456 3058 552 3120 nullas
560 3059 669 3122 invenit
678 3061 788 3142 linguae
798 3084 908 3144 preces.

112 3155 326 3218 Contumeliam
340 3176 394 3217 nec
409 3158 552 3236 ingenuus
565 3157 630 3235 fert,
644 3179 698 3222 uec
712 3161 793 3221 sortis
807 3162 887 3224 facit.
