<?xml version="1.0" encoding="UTF-8"?>
<!DOCTYPE html PUBLIC "-//W3C//DTD XHTML 1.0 Transitional//EN"
    "http://www.w3.org/TR/xhtml1/DTD/xhtml1-transitional.dtd">
<html xmlns="http://www.w3.org/1999/xhtml" xml:lang="en" lang="en">
 <head>
  <title>
</title>
<meta http-equiv="Content-Type" content="text/html;charset=utf-8" />
  <meta name='ocr-system' content='tesseract 3.04.00' />
  <meta name='ocr-capabilities' content='ocr_page ocr_carea ocr_par ocr_line ocrx_word'/>
</head>
<body>
  <div class='ocr_page' id='page_1' title='image "./phaedriaugustil00publgoog_0110.png"; bbox 0 0 2298 3684; ppageno 0'>
   <div class='ocr_carea' id='block_1_1' title="bbox 387 264 589 306">
    <p class='ocr_par' dir='ltr' id='par_1_1' title="bbox 387 264 589 306">
     <span class='ocr_line' id='line_1_1' title="bbox 387 264 589 306; baseline -0.005 0"><span class='ocrx_word' id='word_1_1' title='bbox 387 264 589 306; x_wconf 58' lang='lat' dir='ltr'><strong>SENTENTIA.</strong></span> 
     </span>
    </p>
   </div>
   <div class='ocr_carea' id='block_1_2' title="bbox 90 392 894 3274">
    <p class='ocr_par' dir='ltr' id='par_1_2' title="bbox 94 392 730 475">
     <span class='ocr_line' id='line_1_2' title="bbox 94 392 730 475; baseline -0.008 -19"><span class='ocrx_word' id='word_1_2' title='bbox 94 395 194 456; x_wconf 86' lang='lat' dir='ltr'><strong>Amori</strong></span> <span class='ocrx_word' id='word_1_3' title='bbox 206 396 294 455; x_wconf 86' lang='lat' dir='ltr'><strong>finem</strong></span> <span class='ocrx_word' id='word_1_4' title='bbox 308 404 435 475; x_wconf 84' lang='lat' dir='ltr'><strong>ternpus,</strong></span> <span class='ocrx_word' id='word_1_5' title='bbox 450 413 508 454; x_wconf 95' lang='lat' dir='ltr'><strong>non</strong></span> <span class='ocrx_word' id='word_1_6' title='bbox 523 392 636 453; x_wconf 84' lang='lat' dir='ltr'><strong>animus</strong></span> <span class='ocrx_word' id='word_1_7' title='bbox 650 393 730 453; x_wconf 81' lang='lat' dir='ltr'><strong>lacit.</strong></span> 
     </span>
    </p>

    <p class='ocr_par' dir='ltr' id='par_1_3' title="bbox 94 489 691 569">
     <span class='ocr_line' id='line_1_3' title="bbox 94 489 691 569; baseline -0.01 -15"><span class='ocrx_word' id='word_1_8' title='bbox 94 495 225 554; x_wconf 77' lang='lat' dir='ltr'><strong>Anicius</strong></span> <span class='ocrx_word' id='word_1_9' title='bbox 237 492 343 552; x_wconf 89' lang='lat' dir='ltr'><strong>vulnus</strong></span> <span class='ocrx_word' id='word_1_10' title='bbox 356 502 441 552; x_wconf 82' lang='lat' dir='ltr'><strong>sanat</strong></span> <span class='ocrx_word' id='word_1_11' title='bbox 454 491 530 552; x_wconf 90' lang='lat' dir='ltr'><strong>idern</strong></span> <span class='ocrx_word' id='word_1_12' title='bbox 545 491 597 569; x_wconf 91' lang='lat' dir='ltr'><strong>qui</strong></span> <span class='ocrx_word' id='word_1_13' title='bbox 611 489 691 550; x_wconf 77' lang='lat' dir='ltr'><strong>facit.</strong></span> 
     </span>
    </p>

    <p class='ocr_par' dir='ltr' id='par_1_4' title="bbox 95 589 711 667">
     <span class='ocr_line' id='line_1_4' title="bbox 95 589 711 667; baseline -0.005 -18"><span class='ocrx_word' id='word_1_14' title='bbox 95 590 194 649; x_wconf 74' lang='lat' dir='ltr'><strong>Areon</strong></span> <span class='ocrx_word' id='word_1_15' title='bbox 208 589 320 649; x_wconf 82' lang='lat' dir='ltr'><strong>misceri</strong></span> <span class='ocrx_word' id='word_1_16' title='bbox 334 609 401 648; x_wconf 90' lang='lat' dir='ltr'><strong>cum</strong></span> <span class='ocrx_word' id='word_1_17' title='bbox 416 589 518 647; x_wconf 89' lang='lat' dir='ltr'><strong>timore</strong></span> <span class='ocrx_word' id='word_1_18' title='bbox 533 607 591 646; x_wconf 87' lang='lat' dir='ltr'><strong>non</strong></span> <span class='ocrx_word' id='word_1_19' title='bbox 605 595 711 667; x_wconf 84' lang='lat' dir='ltr'><strong>potest.</strong></span> 
     </span>
    </p>

    <p class='ocr_par' dir='ltr' id='par_1_5' title="bbox 93 685 894 960">
     <span class='ocr_line' id='line_1_5' title="bbox 95 685 894 747; baseline -0.006 0"><span class='ocrx_word' id='word_1_20' title='bbox 95 688 184 747; x_wconf 90' lang='lat' dir='ltr'><strong>Amor</strong></span> <span class='ocrx_word' id='word_1_21' title='bbox 198 687 299 747; x_wconf 85' lang='lat' dir='ltr'><strong>otiosoe</strong></span> <span class='ocrx_word' id='word_1_22' title='bbox 312 705 401 745; x_wconf 79' lang='lat' dir='ltr'><strong>eausa</strong></span> <span class='ocrx_word' id='word_1_23' title='bbox 414 685 614 745; x_wconf 82' lang='lat' dir='ltr'><strong>solicitudinis.</strong></span> <span class='ocrx_word' id='word_1_24' title='bbox 868 705 894 742; x_wconf 71' lang='lat' dir='ltr'><strong>eo</strong></span> 
     </span>
     <span class='ocr_line' id='line_1_6' title="bbox 93 781 891 864; baseline -0.006 -20"><span class='ocrx_word' id='word_1_25' title='bbox 93 786 194 856; x_wconf 90' lang='lat' dir='ltr'><strong>Amor,</strong></span> <span class='ocrx_word' id='word_1_26' title='bbox 209 793 242 843; x_wconf 91' lang='lat' dir='ltr'><strong>ut</strong></span> <span class='ocrx_word' id='word_1_27' title='bbox 255 785 393 864; x_wconf 78' lang='lat' dir='ltr'><strong>lacryma,</strong></span> <span class='ocrx_word' id='word_1_28' title='bbox 408 782 499 842; x_wconf 84' lang='lat' dir='ltr'><strong>oculis</strong></span> <span class='ocrx_word' id='word_1_29' title='bbox 514 782 620 850; x_wconf 87' lang='lat' dir='ltr'><strong>oritur;</strong></span> <span class='ocrx_word' id='word_1_30' title='bbox 643 781 673 840; x_wconf 94' lang='lat' dir='ltr'><strong>in</strong></span> <span class='ocrx_word' id='word_1_31' title='bbox 686 790 788 860; x_wconf 81' lang='lat' dir='ltr'><strong>pectus</strong></span> <span class='ocrx_word' id='word_1_32' title='bbox 802 781 891 840; x_wconf 81' lang='lat' dir='ltr'><strong>cadit.</strong></span> 
     </span>
     <span class='ocr_line' id='line_1_7' title="bbox 96 879 675 960; baseline -0.003 -20"><span class='ocrx_word' id='word_1_33' title='bbox 96 883 229 960; x_wconf 81' lang='lat' dir='ltr'><strong>Angusto</strong></span> <span class='ocrx_word' id='word_1_34' title='bbox 243 881 355 960; x_wconf 81' lang='lat' dir='ltr'><strong>cupitur</strong></span> <span class='ocrx_word' id='word_1_35' title='bbox 368 881 457 940; x_wconf 90' lang='lat' dir='ltr'><strong>tutior</strong></span> <span class='ocrx_word' id='word_1_36' title='bbox 471 899 570 939; x_wconf 83' lang='lat' dir='ltr'><strong>mensa</strong></span> <span class='ocrx_word' id='word_1_37' title='bbox 584 879 675 938; x_wconf 87' lang='lat' dir='ltr'><strong>cibus.</strong></span> 
     </span>
    </p>

    <p class='ocr_par' dir='ltr' id='par_1_6' title="bbox 95 977 684 1058">
     <span class='ocr_line' id='line_1_8' title="bbox 95 977 684 1058; baseline -0.005 -19"><span class='ocrx_word' id='word_1_38' title='bbox 95 981 209 1039; x_wconf 84' lang='lat' dir='ltr'><strong>Auruo</strong></span> <span class='ocrx_word' id='word_1_39' title='bbox 222 979 333 1038; x_wconf 80' lang='lat' dir='ltr'><strong>dolenti</strong></span> <span class='ocrx_word' id='word_1_40' title='bbox 348 977 419 1038; x_wconf 88' lang='lat' dir='ltr'><strong>nihil</strong></span> <span class='ocrx_word' id='word_1_41' title='bbox 431 987 546 1058; x_wconf 88' lang='lat' dir='ltr'><strong>oportet</strong></span> <span class='ocrx_word' id='word_1_42' title='bbox 559 977 684 1038; x_wconf 87' lang='lat' dir='ltr'><strong>credere.</strong></span> 
     </span>
    </p>

    <p class='ocr_par' dir='ltr' id='par_1_7' title="bbox 94 1074 753 1164">
     <span class='ocr_line' id='line_1_9' title="bbox 94 1074 753 1164; baseline -0.005 -28"><span class='ocrx_word' id='word_1_43' title='bbox 94 1077 201 1136; x_wconf 88' lang='lat' dir='ltr'><strong>Animo</strong></span> <span class='ocrx_word' id='word_1_44' title='bbox 216 1076 369 1164; x_wconf 83' lang='lat' dir='ltr'><strong>imperabit</strong></span> <span class='ocrx_word' id='word_1_45' title='bbox 382 1075 508 1155; x_wconf 84' lang='lat' dir='ltr'><strong>sapiens,</strong></span> <span class='ocrx_word' id='word_1_46' title='bbox 522 1074 628 1135; x_wconf 88' lang='lat' dir='ltr'><strong>stultus</strong></span> <span class='ocrx_word' id='word_1_47' title='bbox 642 1075 753 1134; x_wconf 88' lang='lat' dir='ltr'><strong>serviet.</strong></span> 
     </span>
    </p>

    <p class='ocr_par' dir='ltr' id='par_1_8' title="bbox 93 1171 894 1447">
     <span class='ocr_line' id='line_1_10' title="bbox 94 1171 894 1253; baseline -0.003 -20"><span class='ocrx_word' id='word_1_48' title='bbox 94 1174 201 1234; x_wconf 91' lang='lat' dir='ltr'><strong>Animo</strong></span> <span class='ocrx_word' id='word_1_49' title='bbox 214 1174 307 1233; x_wconf 84' lang='lat' dir='ltr'><strong>virum</strong></span> <span class='ocrx_word' id='word_1_50' title='bbox 322 1173 451 1253; x_wconf 84' lang='lat' dir='ltr'><strong>pudicae‚</strong></span> <span class='ocrx_word' id='word_1_51' title='bbox 466 1191 524 1232; x_wconf 89' lang='lat' dir='ltr'><strong>non</strong></span> <span class='ocrx_word' id='word_1_52' title='bbox 539 1171 625 1231; x_wconf 88' lang='lat' dir='ltr'><strong>oculo</strong></span> <span class='ocrx_word' id='word_1_53' title='bbox 639 1171 760 1251; x_wconf 83' lang='lat' dir='ltr'><strong>eligunt.</strong></span> <span class='ocrx_word' id='word_1_54' title='bbox 869 1193 894 1231; x_wconf 77' lang='lat'><strong>4⁵</strong></span> 
     </span>
     <span class='ocr_line' id='line_1_11' title="bbox 94 1270 765 1349; baseline -0.004 -19"><span class='ocrx_word' id='word_1_55' title='bbox 94 1271 218 1330; x_wconf 86' lang='lat' dir='ltr'><strong>Animus</strong></span> <span class='ocrx_word' id='word_1_56' title='bbox 232 1290 309 1348; x_wconf 84' lang='lat' dir='ltr'><strong>aeger</strong></span> <span class='ocrx_word' id='word_1_57' title='bbox 322 1271 415 1330; x_wconf 83' lang='lat' dir='ltr'><strong>turboe</strong></span> <span class='ocrx_word' id='word_1_58' title='bbox 429 1271 541 1349; x_wconf 82' lang='lat' dir='ltr'><strong>praebet</strong></span> <span class='ocrx_word' id='word_1_59' title='bbox 555 1270 765 1349; x_wconf 78' lang='lat' dir='ltr'><strong>spectaculum.</strong></span> 
     </span>
     <span class='ocr_line' id='line_1_12' title="bbox 93 1365 752 1447; baseline 0 -21"><span class='ocrx_word' id='word_1_60' title='bbox 93 1367 227 1439; x_wconf 86' lang='lat' dir='ltr'><strong>Animus,</strong></span> <span class='ocrx_word' id='word_1_61' title='bbox 241 1367 329 1427; x_wconf 84' lang='lat' dir='ltr'><strong>vereri</strong></span> <span class='ocrx_word' id='word_1_62' title='bbox 342 1366 393 1447; x_wconf 91' lang='lat' dir='ltr'><strong>qui</strong></span> <span class='ocrx_word' id='word_1_63' title='bbox 407 1367 471 1440; x_wconf 87' lang='lat' dir='ltr'><strong>soit,</strong></span> <span class='ocrx_word' id='word_1_64' title='bbox 486 1366 541 1427; x_wconf 88' lang='lat' dir='ltr'><strong>scit</strong></span> <span class='ocrx_word' id='word_1_65' title='bbox 554 1376 618 1427; x_wconf 81' lang='lat' dir='ltr'><strong>tuta</strong></span> <span class='ocrx_word' id='word_1_66' title='bbox 632 1365 752 1444; x_wconf 86' lang='lat' dir='ltr'><strong>ingredi.</strong></span> 
     </span>
    </p>

    <p class='ocr_par' dir='ltr' id='par_1_9' title="bbox 93 1463 857 1630">
     <span class='ocr_line' id='line_1_13' title="bbox 93 1463 857 1544; baseline -0.003 -20"><span class='ocrx_word' id='word_1_67' title='bbox 93 1466 218 1524; x_wconf 88' lang='lat' dir='ltr'><strong>Animus</strong></span> <span class='ocrx_word' id='word_1_68' title='bbox 232 1465 355 1524; x_wconf 87' lang='lat' dir='ltr'><strong>hominis</strong></span> <span class='ocrx_word' id='word_1_69' title='bbox 369 1464 508 1544; x_wconf 89' lang='lat' dir='ltr'><strong>quicquid</strong></span> <span class='ocrx_word' id='word_1_70' title='bbox 522 1465 576 1523; x_wconf 88' lang='lat' dir='ltr'><strong>sibi</strong></span> <span class='ocrx_word' id='word_1_71' title='bbox 591 1464 723 1543; x_wconf 80' lang='lat' dir='ltr'><strong>imperat,</strong></span> <span class='ocrx_word' id='word_1_72' title='bbox 737 1463 857 1524; x_wconf 89' lang='lat' dir='ltr'><strong>obtinet.</strong></span> 
     </span>
     <span class='ocr_line' id='line_1_14' title="bbox 93 1561 623 1630; baseline -0.004 -8"><span class='ocrx_word' id='word_1_73' title='bbox 93 1563 231 1622; x_wconf 83' lang='lat' dir='ltr'><strong>Annosus</strong></span> <span class='ocrx_word' id='word_1_74' title='bbox 246 1581 305 1622; x_wconf 92' lang='lat' dir='ltr'><strong>non</strong></span> <span class='ocrx_word' id='word_1_75' title='bbox 318 1562 369 1621; x_wconf 91' lang='lat' dir='ltr'><strong>diu</strong></span> <span class='ocrx_word' id='word_1_76' title='bbox 383 1561 470 1630; x_wconf 74' lang='lat' dir='ltr'><strong>vixit:</strong></span> <span class='ocrx_word' id='word_1_77' title='bbox 494 1561 545 1620; x_wconf 92' lang='lat' dir='ltr'><strong>diu</strong></span> <span class='ocrx_word' id='word_1_78' title='bbox 558 1561 623 1620; x_wconf 86' lang='lat' dir='ltr'><strong>fuit.</strong></span> 
     </span>
    </p>

    <p class='ocr_par' dir='ltr' id='par_1_10' title="bbox 93 1657 892 1931">
     <span class='ocr_line' id='line_1_15' title="bbox 93 1657 892 1731; baseline -0.005 -11"><span class='ocrx_word' id='word_1_79' title='bbox 93 1661 187 1720; x_wconf 80' lang='lat' dir='ltr'><strong>Anus</strong></span> <span class='ocrx_word' id='word_1_80' title='bbox 203 1679 269 1719; x_wconf 87' lang='lat' dir='ltr'><strong>cum</strong></span> <span class='ocrx_word' id='word_1_81' title='bbox 284 1658 369 1731; x_wconf 91' lang='lat' dir='ltr'><strong>ludit,</strong></span> <span class='ocrx_word' id='word_1_82' title='bbox 384 1659 468 1718; x_wconf 89' lang='lat' dir='ltr'><strong>morti</strong></span> <span class='ocrx_word' id='word_1_83' title='bbox 482 1657 601 1717; x_wconf 79' lang='lat' dir='ltr'><strong>delicias</strong></span> <span class='ocrx_word' id='word_1_84' title='bbox 615 1657 694 1717; x_wconf 85' lang='lat' dir='ltr'><strong>facit.</strong></span> <span class='ocrx_word' id='word_1_85' title='bbox 866 1679 892 1716; x_wconf 77' lang='lat' dir='ltr'><strong>so</strong></span> 
     </span>
     <span class='ocr_line' id='line_1_16' title="bbox 94 1754 889 1826; baseline -0.004 -10"><span class='ocrx_word' id='word_1_86' title='bbox 94 1756 384 1816; x_wconf 77' lang='lat' dir='ltr'><strong>Arsurumelacum</strong></span> <span class='ocrx_word' id='word_1_87' title='bbox 392 1764 436 1815; x_wconf 90' lang='lat' dir='ltr'><strong>est</strong></span> <span class='ocrx_word' id='word_1_88' title='bbox 442 1754 553 1826; x_wconf 88' lang='lat' dir='ltr'><strong>mulier,</strong></span> <span class='ocrx_word' id='word_1_89' title='bbox 560 1755 744 1815; x_wconf 89' lang='lat' dir='ltr'><strong>tumdemum</strong></span> <span class='ocrx_word' id='word_1_90' title='bbox 754 1758 889 1816; x_wconf 82' lang='lat' dir='ltr'><strong>esthona.</strong></span> 
     </span>
     <span class='ocr_line' id='line_1_17' title="bbox 94 1852 769 1931; baseline 0 -19"><span class='ocrx_word' id='word_1_91' title='bbox 94 1855 203 1914; x_wconf 87' lang='lat' dir='ltr'><strong>Areum</strong></span> <span class='ocrx_word' id='word_1_92' title='bbox 218 1853 340 1912; x_wconf 82' lang='lat' dir='ltr'><strong>intensio</strong></span> <span class='ocrx_word' id='word_1_93' title='bbox 355 1852 473 1931; x_wconf 77' lang='lat' dir='ltr'><strong>frangit,</strong></span> <span class='ocrx_word' id='word_1_94' title='bbox 489 1852 617 1910; x_wconf 81' lang='lat' dir='ltr'><strong>animum</strong></span> <span class='ocrx_word' id='word_1_95' title='bbox 632 1853 769 1913; x_wconf 82' lang='lat' dir='ltr'><strong>remissio.</strong></span> 
     </span>
    </p>

    <p class='ocr_par' dir='ltr' id='par_1_11' title="bbox 95 1948 829 2128">
     <span class='ocr_line' id='line_1_18' title="bbox 95 1948 829 2026; baseline 0.003 -18"><span class='ocrx_word' id='word_1_96' title='bbox 95 1951 152 2009; x_wconf 85' lang='lat' dir='ltr'><strong>Ars</strong></span> <span class='ocrx_word' id='word_1_97' title='bbox 166 1969 224 2009; x_wconf 91' lang='lat' dir='ltr'><strong>non</strong></span> <span class='ocrx_word' id='word_1_98' title='bbox 240 1959 341 2022; x_wconf 81' lang='lat' dir='ltr'><strong>esest,</strong></span> <span class='ocrx_word' id='word_1_99' title='bbox 357 1968 424 2026; x_wconf 83' lang='lat' dir='ltr'><strong>quoe</strong></span> <span class='ocrx_word' id='word_1_100' title='bbox 440 1949 477 2008; x_wconf 83' lang='lat' dir='ltr'><strong>ed</strong></span> <span class='ocrx_word' id='word_1_101' title='bbox 491 1948 627 2009; x_wconf 83' lang='lat' dir='ltr'><strong>effectum</strong></span> <span class='ocrx_word' id='word_1_102' title='bbox 638 1969 708 2010; x_wconf 84' lang='lat' dir='ltr'><strong>casu</strong></span> <span class='ocrx_word' id='word_1_103' title='bbox 723 1951 809 2011; x_wconf 87' lang='lat' dir='ltr'><strong>venit.</strong></span> <span class='ocrx_word' id='word_1_104' title='bbox 827 1971 829 1978; x_wconf 63' lang='lat'><strong>¹</strong></span> 
     </span>
     <span class='ocr_line' id='line_1_19' title="bbox 95 2046 739 2128; baseline -0.002 -21"><span class='ocrx_word' id='word_1_105' title='bbox 95 2047 231 2128; x_wconf 87' lang='lat' dir='ltr'><strong>Aspicere</strong></span> <span class='ocrx_word' id='word_1_106' title='bbox 245 2055 358 2126; x_wconf 86' lang='lat' dir='ltr'><strong>oportet</strong></span> <span class='ocrx_word' id='word_1_107' title='bbox 371 2046 510 2125; x_wconf 89' lang='lat' dir='ltr'><strong>quicquid</strong></span> <span class='ocrx_word' id='word_1_108' title='bbox 525 2046 599 2106; x_wconf 85' lang='lat' dir='ltr'><strong>nolis</strong></span> <span class='ocrx_word' id='word_1_109' title='bbox 612 2047 739 2127; x_wconf 84' lang='lat' dir='ltr'><strong>perdere.</strong></span> 
     </span>
    </p>

    <p class='ocr_par' dir='ltr' id='par_1_12' title="bbox 94 2142 891 2416">
     <span class='ocr_line' id='line_1_20' title="bbox 94 2142 891 2222; baseline 0.004 -19"><span class='ocrx_word' id='word_1_110' title='bbox 94 2145 212 2203; x_wconf 70' lang='lat' dir='ltr'><strong>Averso</strong></span> <span class='ocrx_word' id='word_1_111' title='bbox 225 2142 295 2221; x_wconf 90' lang='lat' dir='ltr'><strong>quid</strong></span> <span class='ocrx_word' id='word_1_112' title='bbox 309 2142 378 2202; x_wconf 82' lang='lat' dir='ltr'><strong>meli</strong></span> <span class='ocrx_word' id='word_1_113' title='bbox 393 2153 475 2222; x_wconf 85' lang='lat' dir='ltr'><strong>optes</strong></span> <span class='ocrx_word' id='word_1_114' title='bbox 487 2143 500 2201; x_wconf 74' lang='lat' dir='ltr'><strong>l</strong></span> <span class='ocrx_word' id='word_1_115' title='bbox 521 2154 554 2202; x_wconf 91' lang='lat' dir='ltr'><strong>ut</strong></span> <span class='ocrx_word' id='word_1_116' title='bbox 568 2144 645 2203; x_wconf 87' lang='lat' dir='ltr'><strong>vivat</strong></span> <span class='ocrx_word' id='word_1_117' title='bbox 658 2145 718 2205; x_wconf 91' lang='lat' dir='ltr'><strong>diu.</strong></span> <span class='ocrx_word' id='word_1_118' title='bbox 866 2167 891 2206; x_wconf 78' lang='lat' dir='ltr'><strong>os</strong></span> 
     </span>
     <span class='ocr_line' id='line_1_21' title="bbox 94 2239 756 2318; baseline 0.005 -19"><span class='ocrx_word' id='word_1_119' title='bbox 94 2240 243 2300; x_wconf 79' lang='lat' dir='ltr'><strong>Avnnuss</strong></span> <span class='ocrx_word' id='word_1_120' title='bbox 258 2239 343 2299; x_wconf 81' lang='lat' dir='ltr'><strong>focile</strong></span> <span class='ocrx_word' id='word_1_121' title='bbox 357 2239 466 2318; x_wconf 77' lang='lat' dir='ltr'><strong>cupies,</strong></span> <span class='ocrx_word' id='word_1_122' title='bbox 481 2239 530 2300; x_wconf 92' lang='lat' dir='ltr'><strong>ubi</strong></span> <span class='ocrx_word' id='word_1_123' title='bbox 546 2259 602 2300; x_wconf 93' lang='lat' dir='ltr'><strong>non</strong></span> <span class='ocrx_word' id='word_1_124' title='bbox 617 2241 656 2301; x_wconf 89' lang='lat' dir='ltr'><strong>sis</strong></span> <span class='ocrx_word' id='word_1_125' title='bbox 670 2242 756 2302; x_wconf 90' lang='lat' dir='ltr'><strong>idern.</strong></span> 
     </span>
     <span class='ocr_line' id='line_1_22' title="bbox 94 2335 646 2416; baseline 0.002 -19"><span class='ocrx_word' id='word_1_126' title='bbox 94 2339 222 2397; x_wconf 77' lang='lat' dir='ltr'><strong>Avarum</strong></span> <span class='ocrx_word' id='word_1_127' title='bbox 236 2335 328 2396; x_wconf 80' lang='lat' dir='ltr'><strong>irritet</strong></span> <span class='ocrx_word' id='word_1_128' title='bbox 340 2355 399 2397; x_wconf 92' lang='lat' dir='ltr'><strong>non</strong></span> <span class='ocrx_word' id='word_1_129' title='bbox 412 2337 500 2397; x_wconf 82' lang='lat' dir='ltr'><strong>satist</strong></span> <span class='ocrx_word' id='word_1_130' title='bbox 513 2339 646 2416; x_wconf 85' lang='lat' dir='ltr'><strong>pecunia.</strong></span> 
     </span>
    </p>

    <p class='ocr_par' dir='ltr' id='par_1_13' title="bbox 94 2433 694 2495">
     <span class='ocr_line' id='line_1_23' title="bbox 94 2433 694 2495; baseline -0.002 -1"><span class='ocrx_word' id='word_1_131' title='bbox 94 2435 234 2494; x_wconf 71' lang='lat' dir='ltr'><strong>Aturrus</strong></span> <span class='ocrx_word' id='word_1_132' title='bbox 249 2433 363 2494; x_wconf 80' lang='lat' dir='ltr'><strong>animus</strong></span> <span class='ocrx_word' id='word_1_133' title='bbox 375 2433 456 2494; x_wconf 89' lang='lat' dir='ltr'><strong>nullo</strong></span> <span class='ocrx_word' id='word_1_134' title='bbox 471 2434 591 2495; x_wconf 78' lang='lat' dir='ltr'><strong>satietur</strong></span> <span class='ocrx_word' id='word_1_135' title='bbox 604 2436 694 2494; x_wconf 89' lang='lat' dir='ltr'><strong>lucro.</strong></span> 
     </span>
    </p>

    <p class='ocr_par' dir='ltr' id='par_1_14' title="bbox 92 2531 892 2895">
     <span class='ocr_line' id='line_1_24' title="bbox 93 2531 769 2611; baseline -0.003 -18"><span class='ocrx_word' id='word_1_136' title='bbox 93 2534 206 2593; x_wconf 80' lang='lat' dir='ltr'><strong>Avarus</strong></span> <span class='ocrx_word' id='word_1_137' title='bbox 220 2532 327 2591; x_wconf 82' lang='lat' dir='ltr'><strong>damno</strong></span> <span class='ocrx_word' id='word_1_138' title='bbox 339 2531 436 2610; x_wconf 84' lang='lat' dir='ltr'><strong>potius</strong></span> <span class='ocrx_word' id='word_1_139' title='bbox 449 2551 537 2610; x_wconf 81' lang='lat' dir='ltr'><strong>quern</strong></span> <span class='ocrx_word' id='word_1_140' title='bbox 552 2531 666 2611; x_wconf 83' lang='lat' dir='ltr'><strong>sapiens</strong></span> <span class='ocrx_word' id='word_1_141' title='bbox 681 2531 769 2592; x_wconf 87' lang='lat' dir='ltr'><strong>dolet.</strong></span> 
     </span>
     <span class='ocr_line' id='line_1_25' title="bbox 94 2628 892 2708; baseline 0.001 -18"><span class='ocrx_word' id='word_1_142' title='bbox 94 2631 207 2690; x_wconf 76' lang='lat' dir='ltr'><strong>Avarus</strong></span> <span class='ocrx_word' id='word_1_143' title='bbox 222 2629 282 2708; x_wconf 90' lang='lat' dir='ltr'><strong>ipse</strong></span> <span class='ocrx_word' id='word_1_144' title='bbox 296 2628 417 2688; x_wconf 83' lang='lat' dir='ltr'><strong>miserioe</strong></span> <span class='ocrx_word' id='word_1_145' title='bbox 432 2649 521 2689; x_wconf 81' lang='lat' dir='ltr'><strong>cause</strong></span> <span class='ocrx_word' id='word_1_146' title='bbox 534 2639 578 2688; x_wconf 88' lang='lat' dir='ltr'><strong>est</strong></span> <span class='ocrx_word' id='word_1_147' title='bbox 591 2648 662 2688; x_wconf 77' lang='lat' dir='ltr'><strong>suae.</strong></span> <span class='ocrx_word' id='word_1_148' title='bbox 865 2647 892 2691; x_wconf 88' lang='lat' dir='ltr'><strong>oo</strong></span> 
     </span>
     <span class='ocr_line' id='line_1_26' title="bbox 93 2725 776 2799; baseline 0.001 -12"><span class='ocrx_word' id='word_1_149' title='bbox 93 2728 246 2799; x_wconf 69' lang='lat' dir='ltr'><strong>Ausus,</strong></span> <span class='ocrx_word' id='word_1_150' title='bbox 260 2725 316 2785; x_wconf 89' lang='lat' dir='ltr'><strong>nisi</strong></span> <span class='ocrx_word' id='word_1_151' title='bbox 329 2745 395 2786; x_wconf 87' lang='lat' dir='ltr'><strong>cum</strong></span> <span class='ocrx_word' id='word_1_152' title='bbox 410 2727 540 2799; x_wconf 87' lang='lat' dir='ltr'><strong>moritur,</strong></span> <span class='ocrx_word' id='word_1_153' title='bbox 554 2726 595 2784; x_wconf 91' lang='lat' dir='ltr'><strong>nil</strong></span> <span class='ocrx_word' id='word_1_154' title='bbox 608 2734 684 2786; x_wconf 90' lang='lat' dir='ltr'><strong>recte</strong></span> <span class='ocrx_word' id='word_1_155' title='bbox 697 2727 776 2788; x_wconf 83' lang='lat' dir='ltr'><strong>fecit.</strong></span> 
     </span>
     <span class='ocr_line' id='line_1_27' title="bbox 92 2823 730 2895; baseline -0.005 -11"><span class='ocrx_word' id='word_1_156' title='bbox 92 2824 239 2884; x_wconf 88' lang='lat' dir='ltr'><strong>Audendo</strong></span> <span class='ocrx_word' id='word_1_157' title='bbox 252 2823 468 2895; x_wconf 69' lang='lat' dir='ltr'><strong>intumescit,</strong></span> <span class='ocrx_word' id='word_1_158' title='bbox 481 2824 624 2884; x_wconf 75' lang='lat' dir='ltr'><strong>tardando</strong></span> <span class='ocrx_word' id='word_1_159' title='bbox 638 2823 730 2883; x_wconf 89' lang='lat' dir='ltr'><strong>timor.</strong></span> 
     </span>
    </p>

    <p class='ocr_par' dir='ltr' id='par_1_15' title="bbox 90 2920 890 3274">
     <span class='ocr_line' id='line_1_28' title="bbox 92 2920 754 3001; baseline 0 -19"><span class='ocrx_word' id='word_1_160' title='bbox 92 2921 208 2982; x_wconf 87' lang='lat' dir='ltr'><strong>Auferri</strong></span> <span class='ocrx_word' id='word_1_161' title='bbox 220 2930 250 2981; x_wconf 90' lang='lat' dir='ltr'><strong>et</strong></span> <span class='ocrx_word' id='word_1_162' title='bbox 263 2920 347 2993; x_wconf 89' lang='lat' dir='ltr'><strong>illud,</strong></span> <span class='ocrx_word' id='word_1_163' title='bbox 363 2921 441 2999; x_wconf 90' lang='lat' dir='ltr'><strong>quod</strong></span> <span class='ocrx_word' id='word_1_164' title='bbox 454 2921 516 2980; x_wconf 85' lang='lat' dir='ltr'><strong>duri</strong></span> <span class='ocrx_word' id='word_1_165' title='bbox 529 2921 634 3000; x_wconf 87' lang='lat' dir='ltr'><strong>potuit,</strong></span> <span class='ocrx_word' id='word_1_166' title='bbox 648 2932 754 3001; x_wconf 85' lang='lat' dir='ltr'><strong>potest.</strong></span> 
     </span>
     <span class='ocr_line' id='line_1_29' title="bbox 91 3015 842 3098; baseline 0 -19"><span class='ocrx_word' id='word_1_167' title='bbox 91 3018 219 3080; x_wconf 82' lang='lat' dir='ltr'><strong>Avidum</strong></span> <span class='ocrx_word' id='word_1_168' title='bbox 233 3037 295 3078; x_wconf 86' lang='lat' dir='ltr'><strong>esse</strong></span> <span class='ocrx_word' id='word_1_169' title='bbox 309 3029 424 3098; x_wconf 89' lang='lat' dir='ltr'><strong>oportet</strong></span> <span class='ocrx_word' id='word_1_170' title='bbox 437 3018 591 3090; x_wconf 67' lang='lat' dir='ltr'><strong>neminem,</strong></span> <span class='ocrx_word' id='word_1_171' title='bbox 601 3015 721 3080; x_wconf 89' lang='lat' dir='ltr'><strong>&#39;minime</strong></span> <span class='ocrx_word' id='word_1_172' title='bbox 735 3039 842 3081; x_wconf 82' lang='lat' dir='ltr'><strong>senem.</strong></span> 
     </span>
     <span class='ocr_line' id='line_1_30' title="bbox 91 3115 890 3186; baseline 0.001 -10"><span class='ocrx_word' id='word_1_173' title='bbox 91 3118 162 3178; x_wconf 83' lang='lat' dir='ltr'><strong>Aur</strong></span> <span class='ocrx_word' id='word_1_174' title='bbox 178 3125 257 3176; x_wconf 80' lang='lat' dir='ltr'><strong>umet</strong></span> <span class='ocrx_word' id='word_1_175' title='bbox 272 3125 324 3176; x_wconf 81' lang='lat' dir='ltr'><strong>sut</strong></span> <span class='ocrx_word' id='word_1_176' title='bbox 337 3115 399 3176; x_wconf 91' lang='lat' dir='ltr'><strong>odit</strong></span> <span class='ocrx_word' id='word_1_177' title='bbox 412 3115 532 3186; x_wconf 66' lang='lat' dir='ltr'><strong>mulien</strong></span> <span class='ocrx_word' id='word_1_178' title='bbox 554 3116 624 3176; x_wconf 93' lang='lat' dir='ltr'><strong>nihil</strong></span> <span class='ocrx_word' id='word_1_179' title='bbox 639 3127 683 3178; x_wconf 88' lang='lat' dir='ltr'><strong>est</strong></span> <span class='ocrx_word' id='word_1_180' title='bbox 696 3118 820 3178; x_wconf 88' lang='lat' dir='ltr'><strong>tertium.</strong></span> <span class='ocrx_word' id='word_1_181' title='bbox 864 3134 890 3177; x_wconf 79' lang='lat' dir='ltr'><strong>or</strong></span> 
     </span>
     <span class='ocr_line' id='line_1_31' title="bbox 90 3212 737 3274; baseline -0.002 0"><span class='ocrx_word' id='word_1_182' title='bbox 90 3216 240 3274; x_wconf 79' lang='lat' dir='ltr'><strong>Auxrur&#39;n</strong></span> <span class='ocrx_word' id='word_1_183' title='bbox 256 3212 379 3273; x_wconf 82' lang='lat' dir='ltr'><strong>humilia</strong></span> <span class='ocrx_word' id='word_1_184' title='bbox 392 3213 475 3274; x_wconf 80' lang='lat' dir='ltr'><strong>firme</strong></span> <span class='ocrx_word' id='word_1_185' title='bbox 488 3233 644 3274; x_wconf 83' lang='lat' dir='ltr'><strong>consensus</strong></span> <span class='ocrx_word' id='word_1_186' title='bbox 658 3213 737 3274; x_wconf 84' lang='lat' dir='ltr'><strong>facit.</strong></span> 
     </span>
    </p>
   </div>
   <div class='ocr_carea' id='block_1_3' title="bbox 0 0 1154 3684">
    <p class='ocr_par' dir='ltr' id='par_1_16' title="bbox 0 0 1154 3684">
     <span class='ocr_line' id='line_1_32' title="bbox 0 0 1154 3684; baseline 0 1"><span class='ocrx_word' id='word_1_187' title='bbox 0 0 1154 3684; x_wconf 95' lang='lat' dir='ltr'><strong> </strong></span> 
     </span>
    </p>
   </div>
  </div>
 </body>
</html>
