2286 3696
264 275 265 282 κ
355 247 454 290 tinen
470 245 625 294 neamus.
768 241 772 254 ²
848 226 886 292 3¹7

87 376 150 436 Tibi
165 377 267 451 forma,
283 378 356 438 vires
371 371 496 456 Aquila,
512 379 634 437 luscinio
648 379 749 452 melos,
779 369 783 376 ’

90 471 251 552 Augurium
264 490 360 548 corvo,
375 477 448 535 loeva
463 475 570 534 cornici
584 469 691 548 omina,

89 570 200 632 Omnes
213 589 280 650 quae
295 572 416 652 propriis
429 583 498 632 sunt
510 583 655 632 contentae
670 573 819 634 vocibus.''
848 585 888 640 mo

86 685 93 706 -·
130 669 198 727 Noli
212 665 357 740 affectare,
373 671 452 748 quod
465 670 518 728 tibi
532 689 591 729 uon
604 680 649 730 est
662 672 774 745 datum,

91 764 200 824 Delusa
214 785 250 824 ne
265 785 330 844 spes
345 766 383 824 ad
397 763 543 843 querelam
558 767 676 826 recidat.

158 857 161 864 ’
201 863 251 920 XI
252 863 463 940 X.-AEsopus
476 866 630 940 respondet
640 867 772 942 yarrulo.

88 960 223 1018 AEsoeus
236 959 354 1018 domino
370 959 447 1018 solus
461 955 552 1037 quum
565 969 640 1020 esset
654 961 773 1035 familia,

88 1056 197 1115 Parare
209 1075 321 1116 coenam
331 1057 489 1136 jussus‘est
504 1059 653 1118 maturius.

88 1154 189 1230 Ignem
204 1172 271 1231 ergo
283 1149 429 1232 quaerens,
445 1155 555 1233 aliquot
569 1155 701 1216 lustravit
714 1157 826 1230 domos,
846 1182 886 1225 aas

86 1245 276 1328 Tandemque
289 1247 407 1323 invenit,
423 1252 471 1310 ubi
486 1251 634 1312 lucernam
648 1255 827 1315 accenderet.

84 1347 160 1406 'lum
173 1344 362 1407 circumeunti
376 1348 470 1406 fuerat
483 1349 563 1426 quod
578 1349 630 1408 iter
643 1349 767 1428 longius,

88 1443 194 1504 Effecit
208 1444 337 1504 breuius:
359 1459 485 1521 namque
498 1457 578 1505 recta
591 1447 747 1524 persarum

86 1539 184 1618 Coepit
196 1541 304 1609 redira;
327 1542 488 1620 etquidem
502 1563 518 1603 e
532 1545 617 1602 turba
631 1545 773 1620 garrulus,

84 1644 105 1671 “
122 1640 240 1716 AEsope‚
255 1630 424 1698 medio'sole
438 1640 509 1718 quid
523 1661 590 1700 cum
605 1641 713 1701 lumine
725 1643 755 1701 ?’'
841 1668 881 1710 900

80 1735 103 1770 '⁴‘
117 1736 303 1808 Hominem,'·'
317 1737 421 1817 inquit,
434 1746 454 1773 “
467 1759 566 1816 quaem
576 1740 604 1810 ;’'
618 1727 648 1798 et
662 1740 733 1800 abiit
743 1742 881 1804 festinans

207 1825 334 1894 domum.
549 1847 550 1850 ’

125 1930 191 1989 Hoc
207 1930 230 1988 si
244 1931 381 1991 molestus
394 1931 441 1991 ille
456 1932 493 1992 ad
507 1932 635 1992 animum
649 1935 769 2008 rettulit,

82 2027 182 2086 Sensit
195 2027 333 2105 prolecto,
347 2048 377 2087 se
391 2029 536 2089 huminem
551 2038 610 2089 n'on
625 2032 716 2090 visum
731 2033 803 2106 seni,

81 2125 286 2204 Intempestive
300 2125 352 2203 qui
365 2137 508 2207 occupato
523 2127 671 2187 adluserit.

292 2221 515 2282 XX.-Asinus
529 2235 558 2283 et
577 2226 672 2284 Galli.

81 2319 148 2386 Qut
164 2327 306 2378 natusest
320 2320 430 2392 infelix,
445 2341 504 2380 non
518 2320 607 2381 vitam
622 2323 708 2383 modo
843 2346 882 2392 ωε

79 2416 204 2475 Tristem
218 2416 368 2488 decurrit}
381 2436 479 2477 verum
494 2429 560 2498 post
573 2407 685 2478 obitum
699 2441 816 2500 quoque

82 2512 268 2590 Persequitur
282 2512 362 2572 illum
375 2514 448 2574 dura
461 2515 512 2574 fati
527 2515 650 2574 miseria.

81 2609 163 2668 Galli
178 2609 311 2688 Cybebes
324 2611 431 2670 circum
447 2611 476 2670 in
490 2621 620 2690 quaestus
633 2613 739 2673 ducere

78 2705 204 2765 Asinum
218 2706 360 2780 solebant,
376 2708 553 2788 bajulantem
568 2710 705 2770 sarcinas.

80 2803 110 2861 ls
124 2823 216 2882 quum
231 2803 328 2863 labore
340 2813 370 2864 et
382 2805 474 2883 plagis
488 2815 563 2864 esset
577 2818 717 2881 mortuus,
842 2833 882 2877 910

79 2900 223 2962 Detracta
232 2901 311 2979 :pelte
323 2902 377 2961 sibi
393 2903 523 2962 fecerunt
533 2913 682 2982 tympana.

109 3045 142 3077 ’ω
160 3048 188 3096 Se
199 3048 317 3108 huminem,
334 3048 388 3112 tra]
405 3065 430 3098 se
442 3049 479 3098 'ab
493 3048 582 3116 AEeopo
597 3067 645 3099 non
663 3051 781 3101 hominem
798 3051 880 3103 eriisti·

77 3125 148 3190 mari,
166 3126 209 3190 qui
225 3126 315 3175 otiosas
332 3140 387 3176 cum
404 3136 520 3192 occupato
534 3127 702 3191 garriret—⁰⁰⁸
720 3127 786 3179 Gara
806 3131 880 3195 Cyn]

76 3203 151 3251 Dirae
163 3203 274 3270 Cybebes
284 3204 417 3254 sacerdotes
427 3205 515 3270 quibus
526 3204 595 3254 Galli
603 3221 688 3254 nomen
698 3215 756 3255 erat.
781 3235 787 3247 a
879 3223 883 3242 ¹
