2298 3684
254 228 292 286 62
586 245 721 288 minnan

255 373 402 451 Languere
415 374 502 453 ooepit
516 375 599 434 annis
614 376 840 454 ingravantibus.

253 471 418 552 Aliquando
432 473 562 553 objectus
576 473 680 553 hispidi
695 493 801 553 pugna
815 475 881 546 suis,

254 569 387 650 Adripoit
400 589 516 629 aurem:
529 570 589 630 sed
602 571 718 630 cariosis
731 571 877 643 dentibus,

254 667 387 726 Proedam
396 667 517 730 dimisit.
562 669 618 727 Hio
632 677 694 727 tum
709 668 838 728 Venator
852 670 963 740 dolens,

254 766 363 824 Canem
378 765 558 843 objurgabat.
601 765 656 824 Cui
670 783 756 826 sonex
772 777 873 826 contra
885 767 1014 828 latrans:

255 863 321 920 Non
335 872 364 920 te
379 862 507 922 destituit
521 863 644 928 animus,
660 863 710 922 sed
724 863 796 923 vires
811 883 894 924 meae.

254 959 339 1027 Quod
346 960 571 1032 fuimuslaudas,
580 961 640 1042 jam
650 961 772 1020 damnas
783 960 861 1040 qood
872 981 929 1021 non
939 981 1052 1024 sumus.

255 1057 320 1116 Hoc
333 1076 393 1128 our,
409 1057 530 1130 Phileto,
544 1058 714 1137 scripserim,
729 1059 827 1138 pulcre
841 1059 928 1118 vides.

391 1581 602 1643 APPENDIX
625 1583 906 1646 FABULARUMJ

310 1772 343 1842 (e
358 1772 448 1830 MSS.
466 1771 647 1841 Divioneusi,
663 1792 807 1848 anonymo
821 1781 851 1830 et
866 1771 991 1830 Romulo

506 1867 639 1926 Nilautr'i
654 1878 683 1926 et
697 1869 795 1946 aliis.)

464 2117 482 2174 I
483 2118 647 2176 .-—Miluus
662 2118 835 2194 AEqrotans.

252 2211 388 2272 Muuros
404 2232 493 2290 quum
508 2232 620 2272 menses
634 2224 802 2291 aegrotasset
818 2212 946 2279 Mitius:

252 2310 314 2370 Nec
325 2309 387 2390 jam
396 2310 509 2370 uideret
523 2329 585 2369 esse
599 2310 664 2370 vitae
679 2331 760 2388 spem
776 2329 858 2380 suae;
994 2327 1047 2367 rsss

253 2408 377 2468 Matrem
391 2409 520 2487 rogabat,
535 2418 636 2480 sancta
649 2408 811 2467 circumiret
824 2407 899 2479 loca,

253 2506 292 2565 Et
307 2526 357 2585 pro
369 2506 460 2566 salute
474 2516 541 2566 vota
553 2505 660 2565 laceret
674 2506 808 2564 maxima.

251 2603 380 2676 Faciam,
395 2604 498 2684 inquit,
513 2605 572 2672 fili;
595 2603 645 2662 sed
659 2622 743 2681 opem
758 2622 795 2661 ne
810 2601 1041 2679 nonimpetrem,

251 2700 441 2760 Vehementer
454 2720 568 2772 vereor;
591 2700 640 2759 sed
655 2699 705 2778 qui
718 2698 839 2758 delubra
852 2697 950 2757 omnia

251 2797 412 2869 Vastando,
427 2810 533 2858 cuneta
548 2797 676 2877 polluisti
690 2797 803 2867 altaria,
992 2817 1039 2855 ruo

250 2895 403 2954 Saurifioiis
417 2895 503 2954 nullis
518 2915 650 2974 parcens,
665 2914 742 2954 nuuc
755 2892 825 2971 quid
840 2892 883 2951 vis
897 2891 1016 2971 rogemi

283 3043 297 3074 ³
315 3048 332 3070 ¹¹
346 3043 504 3098 Burmannus,
517 3042 537 3090 si
548 3059 595 3092 non
606 3058 686 3091 omnes
701 3042 773 3108 hujus
785 3037 932 3107 Appendicis
943 3039 1040 3095 fabulas,
1129 2981 1130 3027 i

249 3120 378 3169 maximam
395 3129 473 3169 tamen
494 3130 592 3186 partem,
612 3119 668 3167 olim
688 3135 703 3167 a
725 3119 834 3175 Plraedro,
850 3117 922 3166 fuisse
941 3115 1041 3165 versibus
1128 3103 1129 3156 i

250 3197 346 3247 senariis
358 3196 501 3262 conscriptas
512 3197 608 3246 oredit.”
624 3197 703 3262 (init.
