2298 3684
377 279 577 321 senensem.
823 266 879 324 127

84 410 296 471 Tneseusuu
313 408 342 468 in
356 408 487 488 sepulcro
499 407 591 488 ponit,
604 408 655 488 qui
668 427 763 468 senem
778 409 870 471 haere-

206 507 273 566 dem
286 505 367 566 feeit..
841 529 881 569 sss

84 603 280 675 Tolerabilior,
293 603 345 682 qui
354 603 426 662 mori
434 603 519 683 jubet
528 621 617 681 quam
627 602 678 680 qui
688 602 764 663 male
777 604 880 664 vivere.

83 701 271 761 Tolerabilior
277 699 447 780 poenahaud
456 719 551 780 posse,
556 719 645 779 quem
650 701 768 774 nescire,
779 700 870 761 vivere

85 797 162 858 Tute
172 817 260 878 saepe,
268 817 418 877 nunquam
427 815 537 871 secure,
552 796 629 857 mala
639 797 815 858 conscientia
826 808 880 858 est.

86 896 144 956 Ubi
158 895 197 957 sis
210 915 277 956 cum
292 896 359 968 tuis,
373 906 403 956 et
416 895 493 955 absis
508 895 610 974 petris,
625 914 690 954 eam
702 895 856 956 desideres.

86 993 156 1054 visa
168 993 292 1053 hominis
305 992 417 1054 brevis:
440 992 505 1052 ideo
519 993 640 1053 honesta
655 1003 787 1052 moreest
801 995 854 1052 im·

207 1090 378 1150 mortalitas.
841 1111 880 1151 eso

88 1375 187 1436 Libido
201 1375 339 1436 indicium
352 1388 397 1438 est
410 1377 473 1459 ejus
486 1377 566 1456 quod
580 1376 681 1438 levites
695 1378 780 1456 sapit.

89 1474 200 1553 Lingua
213 1481 257 1534 est
270 1473 446 1554 maliloquas
460 1475 565 1535 mentis
577 1473 716 1534 indicium
729 1477 825 1536 males.

88 1571 251 1631 Luxuem
265 1571 371 1632 desunt
384 1571 487 1644 multa,
501 1571 637 1630 Avaritiae
651 1572 758 1632 omnia.

88 1667 155 1728 Non
171 1682 214 1729 est
227 1670 337 1743 beatus,
352 1689 414 1729 esse
427 1668 521 1748 quise
536 1687 594 1728 non
607 1678 701 1748 putat.

57 1799 60 1806 ·
88 1765 194 1826 Nullus
207 1776 305 1826 tantus
318 1776 448 1845 quaestus
457 1785 545 1845 quam
554 1765 634 1844 quod
648 1766 737 1826 habes
754 1786 880 1846 parcere.

88 1863 161 1942 Spes
176 1863 285 1942 praemii
297 1862 401 1921 laboris
413 1872 458 1922 est
472 1861 615 1923 solatium.

88 1960 234 2020 Miseriam
248 1959 356 2020 nescire
369 1960 512 2040 propriam
525 1970 568 2024 est
581 1961 642 2022 sine
655 1960 762 2042 pedclo
777 1961 879 2024 vivere.

208 3164 233 3204 C.
245 3163 406 3216 whittingham‚
415 3166 484 3226 Toeks
495 3167 567 3216 Coun,
578 3167 685 3219 Chsneers
699 3168 762 3208 Lede.
