2298 3684
231 189 289 246 104
530 204 730 247 snnrnrrrrm.

232 333 271 393 Et
284 332 433 394 calamitas
446 333 558 394 virtutis
571 331 615 394 ¹est
628 333 753 394 occasio.
991 326 1038 395 aas

233 429 278 489 Er
293 430 374 490 deest
388 439 418 489 et
429 434 559 510 superest
571 430 682 490 miseris
695 430 842 508 cogitatio.

233 527 329 586 Etiam
342 529 451 586 bonum
465 528 572 606 saepius
586 529 669 588 obest
680 523 859 602 adsuescere.

233 624 344 684 Errant
359 624 482 704 capillus
493 645 569 685 unus
582 625 671 686 habet
681 627 813 684 umbram
828 643 922 684 suam.

234 721 343 782 Ermn
360 721 489 782 celeritas
501 722 531 782 in
544 722 684 782 desiderio
699 741 778 782 mora
791 732 845 782 est.

202 849 207 861 «
234 819 331 877 Etiam
343 818 418 878 hosti
433 831 477 878 est
489 839 591 899 aequus
606 815 656 899 qui
665 819 755 878 habet
763 819 792 877 in
800 819 918 880 consilio
927 819 1032 880 fidem.

235 916 344 975 Ermm
359 915 526 976 innocentes
539 915 619 994 cogit
631 917 744 976 mentiri
756 915 847 976 dolor.

235 1012 344 1072 Erum
359 1013 389 1071 in
404 1023 523 1091 peccato
535 1023 612 1073 recte
625 1023 778 1092 praestatur
791 1012 873 1074 fides.

235 1109 347 1168 Ermn
363 1109 490 1168 oblivisci
504 1110 554 1187 qui
567 1109 615 1182 sis,
627 1112 719 1189 (qnod
727 1111 808 1186 scia)
824 1109 967 1170 interdum
978 1130 1033 1169 ex-

236 1207 347 1266 Errnm
363 1206 413 1284 qui
425 1205 547 1278 iaciunt,
560 1207 674 1266 oderint
686 1206 831 1286 injuriam.
923 1206 1030 1286 [pedit.

236 1303 332 1364 Etiam
347 1313 448 1363 senato
461 1303 578 1363 vulnere
592 1303 710 1364 cicatrix
722 1315 830 1363 manet.
991 1324 1034 1370 1⁹⁵

237 1401 332 1460 Etiam
347 1412 486 1480 tyrannus
497 1399 544 1483 vix
560 1401 688 1479 precario
703 1401 835 1479 imperat.

238 1497 277 1556 Et
290 1497 466 1558 miseriarum
481 1507 580 1574 portus
594 1507 638 1557 est
651 1498 799 1577 patientia.

238 1592 401 1654 Excansrs
416 1595 508 1654 multo
520 1593 635 1654 facilius
648 1613 734 1653 casus
747 1604 842 1654 nocet.

238 1691 371 1752 Exoritur
384 1711 468 1770 opere
483 1691 621 1771 nequitia,
637 1711 694 1750 non
711 1691 820 1772 incipit.

239 1787 284 1846 Ex
299 1788 447 1848 hominurn
462 1798 579 1867 quaestn
592 1788 670 1848 facta
681 1787 810 1848 Fortuna
824 1799 869 1850 est
882 1790 956 1850 Dea.
990 1811 1032 1850 coo

239 1885 365 1943 Exilium
379 1885 496 1964 patitur,
512 1885 562 1964 qui
576 1905 607 1945 se
621 1885 722 1964 patriae
736 1886 871 1965 denegat.

239 1982 285 2040 Ex
299 1981 348 2042 lite
362 1981 455 2042 multa
468 1982 561 2060 gratia
573 1983 607 2042 fit
621 1982 780 2044 formosior.

239 2079 285 2138 Ex
300 2079 410 2157 praemii
423 2099 474 2158 spe
489 2079 592 2140 laboris
606 2081 640 2139 fit
652 2080 797 2140 solatium.

239 2176 378 2235 Extrema
392 2195 505 2255 semper
518 2176 554 2235 de
568 2187 636 2238 ante
650 2177 734 2238 factis
744 2178 890 2257 judicant.

240 2273 289 2332 Ex
306 2271 375 2331 vitio
388 2272 504 2331 alterins
519 2272 634 2352 sapiens
648 2274 784 2334 emendat
798 2295 892 2334 suum.
992 2296 1032 2335 ros

240 2371 413 2429 Fncrnrrns
430 2369 518 2429 animi
532 2370 570 2430 ad
584 2381 695 2450 partem
709 2371 839 2432 stultitiae
853 2373 937 2452 rapit.

239 2467 364 2528 Facilius
377 2466 479 2527 crescit
492 2486 579 2545 quam
593 2467 744 2529 inchoatur
757 2469 891 2548 dignitas.

241 2565 323 2624 Facit
331 2574 444 2642 gratnm
454 2565 592 2636 Fortuna,
601 2585 688 2643 quem
697 2585 781 2625 nemo
791 2567 880 2638 videt,
893 2567 954 2642 (cai
962 2585 1029 2626 uera

240 2662 377 2722 Fncrum
387 2663 527 2732 tacendo,
542 2662 648 2721 crimen
664 2663 752 2723 iacias
765 2665 868 2723 acrius.
885 2664 1029 2743 [invidet.)

240 2759 358 2818 Falsum
371 2760 567 2832 maledictum,
582 2757 753 2820 malevolum
768 2761 951 2822 mendacium
966 2770 1016 2821 est.

241 2857 361 2916 Famam
375 2867 478 2916 curant
492 2857 585 2929 multi,
598 2857 683 2937 pauci
697 2859 911 2919 conscientiam.

241 2955 399 3013 Fnrn‘run
415 2953 528 3014 facinus
540 2954 563 3012 is
576 2955 625 3034 qui
634 2955 779 3035 judicium
789 2956 872 3036 fugit.

241 3051 375 3111 Felicitas
389 3051 484 3109 nutrix
499 3061 544 3111 est
557 3051 725 3112 iracundiae.

240 3147 376 3208 Felicitas
391 3147 497 3208 infelici
512 3149 677 3210 innocentia
690 3159 743 3209 est.
