2298 3684
253 223 311 280 124
552 236 754 280 saurasrra.

250 367 345 448 Cujus
352 376 473 428 morum
482 366 568 426 amici
575 375 742 447 expectant,
748 364 920 426 ritamcives
925 363 1046 424 oderint.

251 464 378 525 Difficile
392 475 436 524 est
449 463 542 524 dolori
553 463 707 524 convenire
720 482 788 523 cum
802 462 955 543 sapientia.
1008 482 1048 527 irs

252 563 400 622 Drxaars
414 561 569 622 maledicta
582 570 701 635 cuncta,
713 580 781 620 cum
794 560 939 620 hominem
952 560 1049 640 iugra-

370 669 434 719 tum
447 658 562 718 dixeris.

251 755 371 836 Duplex
385 757 420 816 fit
431 756 557 829 bonitas,
571 754 724 816 accesserit
736 755 821 815 simul
836 754 860 814 si
874 753 1018 814 celeritas.

252 853 573 914 Fsseneeesseestvitia
581 853 702 912 minima
712 851 903 912 maximorum
911 851 1050 915 maxima·-

251 951 305 1011 Est
312 951 485 1011 beneficium
495 969 530 1010 eo
542 970 650 1024 carere,
658 949 739 1030 quod
746 959 780 1011 tu
791 949 896 1010 invitus
904 949 1048 1028 possides.

251 1047 315 1108 Esr
328 1048 451 1108 honesta
463 1047 614 1127 turpitudo
628 1066 681 1126 pro
692 1049 772 1106 bona
783 1066 874 1108 causa
886 1047 968 1106 mori.
1010 1069 1052 1110 roo

251 1145 370 1226 Expetit
381 1163 483 1224 poenas
496 1144 585 1204 iratus
599 1144 637 1205 ab
650 1143 725 1205 alio:
746 1163 809 1204 ase
823 1144 885 1224 ipso
899 1143 1000 1222 exigit.

251 1241 349 1302 Exue
362 1242 396 1314 is,
409 1241 458 1300 cui
470 1261 616 1321 nusquam
628 1240 733 1302 domus
745 1250 800 1316 est,
816 1241 878 1300 sine
891 1241 1024 1320 sepulcro

373 1353 418 1400 est
432 1348 573 1400 mortuus.
1041 1417 1045 1420 -

251 1434 334 1495 Felix
347 1446 401 1509 est,
414 1455 473 1495 non
487 1435 539 1516 qui
551 1435 664 1496 videtur
676 1455 740 1496 esse
753 1435 828 1509 aliis,
842 1455 902 1496 uon
915 1436 967 1515 qui
981 1437 1048 1501 sibi.

251 1531 390 1592 Foeminae
403 1534 523 1593 tutelam
538 1553 636 1612 gerere
650 1532 800 1613 desperare
813 1543 858 1593 est
869 1534 972 1594 otium.
1033 1567 1038 1578 ·

166 1631 169 1636 '
251 1629 363 1690 Fortior
374 1641 419 1690 est
432 1631 482 1710 qui
495 1631 668 1710 cupiditates
682 1649 759 1703 suas,
774 1650 862 1710 quem
875 1631 924 1708 qui
937 1631 1036 1696 hostes

371 1728 499 1808 subjicit.
1011 1749 1051 1792 ras

251 1823 415 1897 FeusrrsA,
428 1845 496 1884 cum
510 1834 556 1884 est
567 1834 685 1885 ventum
699 1823 737 1883 ad
751 1834 909 1898 senectam,
922 1834 1037 1905 repetas

374 1921 610 1982 adolescentiam.

251 2015 395 2076 Fuarrau
411 2028 465 2090 est,
477 2017 527 2076 ubi
536 2037 604 2077 cum
612 2026 756 2098 potestate
764 2016 1047 2082 habitatiracuudia.

252 2111 368 2172 Hroer
382 2113 413 2172 in
426 2113 554 2174 adversis
567 2114 687 2187 auxilia,
701 2111 752 2192 qui
765 2114 795 2173 in
810 2113 944 2196 secundis
957 2134 1038 2176 com·

268 2261 271 2267 .
372 2209 483 2268 modat.
844 2215 915 2291 [non
930 2210 1038 2272 habet!

252 2305 325 2365 Heu
339 2305 423 2366 dolor
435 2325 524 2384 quam
537 2306 684 2380 miserest,
694 2307 744 2386 qui
759 2307 789 2367 ia
800 2317 942 2368 tormento
949 2327 1051 2372 vocem

251 2403 318 2464 Heu
331 2422 420 2482 quam
433 2402 568 2463 miserum
585 2413 630 2486 est
641 2403 752 2465 discere
765 2407 879 2476 servire,
890 2404 939 2464 ubi
954 2404 1049 2490 domi·

370 2500 614 2560 naridoctuses!
852 2501 943 2581 [ausis
957 2481 1051 2581 queii.

251 2595 324 2657 Heu
339 2617 428 2678 quam
439 2598 574 2658 miserum
591 2608 636 2658 est
647 2597 685 2657 ab
698 2618 733 2659 eo
747 2599 827 2671 loedi,
841 2599 879 2658 de
892 2617 952 2677 quo
966 2615 1025 2658 non

250 2694 317 2754 Heu
323 2714 411 2774 quam
418 2694 680 2774 multapoeoiteoda
688 2695 838 2755 incurrunt
846 2695 973 2756 viventes
981 2694 1049 2756 diu!

250 2791 358 2864 Horro,
371 2791 422 2869 qui
436 2792 466 2851 in
480 2791 597 2852 homine
610 2792 779 2853 calamitoso
792 2803 838 2853 est
851 2791 1022 2863 misericors,

372 2887 505 2947 meminit
518 2888 573 2950 sui.
916 2889 1051 2970 [cogitat.

251 2985 348 3044 Homo
362 3003 475 3064 semper
487 2984 567 3044 aliud
581 2985 637 3045 fert
651 2985 680 3044 in
695 3003 744 3054 se;
765 2984 797 3044 in
810 2985 932 3046 alterum
948 2985 1028 3046 aliud

249 3083 399 3142 luraoea
414 3081 584 3164 Neptunum
599 3093 729 3156 accusat,
744 3083 794 3162 qui
808 3082 911 3144 iterum
926 3084 1044 3144 naufra-

362 3171 448 3258 'giom
462 3178 544 3240 lacit.
1010 3201 1051 3250 rot
