<?xml version="1.0" encoding="UTF-8"?>
<!DOCTYPE html PUBLIC "-//W3C//DTD XHTML 1.0 Transitional//EN"
    "http://www.w3.org/TR/xhtml1/DTD/xhtml1-transitional.dtd">
<html xmlns="http://www.w3.org/1999/xhtml" xml:lang="en" lang="en">
 <head>
  <title>
</title>
<meta http-equiv="Content-Type" content="text/html;charset=utf-8" />
  <meta name='ocr-system' content='tesseract 3.04.00' />
  <meta name='ocr-capabilities' content='ocr_page ocr_carea ocr_par ocr_line ocrx_word'/>
</head>
<body>
  <div class='ocr_page' id='page_1' title='image "./phaedriaugustil00publgoog_0116.png"; bbox 0 0 2298 3684; ppageno 0'>
   <div class='ocr_carea' id='block_1_1' title="bbox 389 241 897 309">
    <p class='ocr_par' dir='ltr' id='par_1_1' title="bbox 389 241 897 309">
     <span class='ocr_line' id='line_1_1' title="bbox 389 241 897 309; baseline 0 -1"><span class='ocrx_word' id='word_1_1' title='bbox 389 243 594 308; x_wconf 67' lang='lat' dir='ltr'><strong>unumunurm.</strong></span> <span class='ocrx_word' id='word_1_2' title='bbox 832 241 897 309; x_wconf 69' lang='lat'>‘10‘5</span> 
     </span>
    </p>
   </div>
   <div class='ocr_carea' id='block_1_2' title="bbox 100 387 895 475">
    <p class='ocr_par' dir='ltr' id='par_1_2' title="bbox 100 387 895 475">
     <span class='ocr_line' id='line_1_2' title="bbox 100 387 895 475; baseline -0.001 -19"><span class='ocrx_word' id='word_1_3' title='bbox 100 397 207 456; x_wconf 79' lang='lat' dir='ltr'><strong>Fuurx</strong></span> <span class='ocrx_word' id='word_1_4' title='bbox 223 395 389 474; x_wconf 85' lang='lat' dir='ltr'><strong>improbitas</strong></span> <span class='ocrx_word' id='word_1_5' title='bbox 402 395 576 475; x_wconf 87' lang='lat' dir='ltr'><strong>optimorum</strong></span> <span class='ocrx_word' id='word_1_6' title='bbox 591 404 636 455; x_wconf 81' lang='lat' dir='ltr'><strong>eut</strong></span> <span class='ocrx_word' id='word_1_7' title='bbox 648 387 810 457; x_wconf 76' lang='lat' dir='ltr'><strong>calamitas.</strong></span> <span class='ocrx_word' id='word_1_8' title='bbox 857 397 895 455; x_wconf 74' lang='lat' dir='ltr'><strong>ni</strong></span> 
     </span>
    </p>
   </div>
   <div class='ocr_carea' id='block_1_3' title="bbox 5 483 896 3290">
    <p class='ocr_par' dir='ltr' id='par_1_3' title="bbox 5 483 896 3290">
     <span class='ocr_line' id='line_1_3' title="bbox 100 483 652 573; baseline 0 -22"><span class='ocrx_word' id='word_1_9' title='bbox 100 493 203 552; x_wconf 70' lang='lat' dir='ltr'><strong>Fenus</strong></span> <span class='ocrx_word' id='word_1_10' title='bbox 218 492 315 552; x_wconf 79' lang='lat' dir='ltr'><strong>facilia</strong></span> <span class='ocrx_word' id='word_1_11' title='bbox 328 483 363 552; x_wconf 87' lang='lat' dir='ltr'><strong>ut</strong></span> <span class='ocrx_word' id='word_1_12' title='bbox 374 492 503 552; x_wconf 85' lang='lat' dir='ltr'><strong>difficilia</strong></span> <span class='ocrx_word' id='word_1_13' title='bbox 516 493 652 573; x_wconf 78' lang='lat' dir='ltr'>perferas.</span> 
     </span>
     <span class='ocr_line' id='line_1_4' title="bbox 99 577 893 669; baseline 0.001 -21"><span class='ocrx_word' id='word_1_14' title='bbox 99 589 219 663; x_wconf 71' lang='lat' dir='ltr'><strong>Fenus,</strong></span> <span class='ocrx_word' id='word_1_15' title='bbox 234 608 293 649; x_wconf 86' lang='lat' dir='ltr'><strong>non</strong></span> <span class='ocrx_word' id='word_1_16' title='bbox 306 577 417 669; x_wconf 75' lang='lat' dir='ltr'><strong>calpen,</strong></span> <span class='ocrx_word' id='word_1_17' title='bbox 433 591 512 668; x_wconf 92' lang='lat' dir='ltr'><strong>quod</strong></span> <span class='ocrx_word' id='word_1_18' title='bbox 525 589 630 651; x_wconf 88' lang='lat' dir='ltr'><strong>mutari</strong></span> <span class='ocrx_word' id='word_1_19' title='bbox 644 609 703 648; x_wconf 90' lang='lat' dir='ltr'><strong>nou</strong></span> <span class='ocrx_word' id='word_1_20' title='bbox 715 579 823 668; x_wconf 76' lang='lat' dir='ltr'><strong>potest.</strong></span> <span class='ocrx_word' id='word_1_21' title='bbox 891 579 893 584; x_wconf 38' lang='lat'><strong><em>¹</em></strong></span> 
     </span>
     <span class='ocr_line' id='line_1_5' title="bbox 98 675 863 767; baseline 0.001 -21"><span class='ocrx_word' id='word_1_22' title='bbox 98 687 185 746; x_wconf 86' lang='lat' dir='ltr'><strong>Feras</strong></span> <span class='ocrx_word' id='word_1_23' title='bbox 198 686 278 765; x_wconf 91' lang='lat' dir='ltr'><strong>quod</strong></span> <span class='ocrx_word' id='word_1_24' title='bbox 291 685 382 760; x_wconf 83' lang='lat' dir='ltr'><strong>iaedit,</strong></span> <span class='ocrx_word' id='word_1_25' title='bbox 396 695 473 746; x_wconf 88' lang='lat' dir='ltr'><strong>utet</strong></span> <span class='ocrx_word' id='word_1_26' title='bbox 486 686 526 760; x_wconf 89' lang='lat' dir='ltr'><strong>id,</strong></span> <span class='ocrx_word' id='word_1_27' title='bbox 542 687 621 767; x_wconf 92' lang='lat' dir='ltr'><strong>quod</strong></span> <span class='ocrx_word' id='word_1_28' title='bbox 635 687 762 767; x_wconf 82' lang='lat' dir='ltr'><strong>prodest,</strong></span> <span class='ocrx_word' id='word_1_29' title='bbox 778 675 863 748; x_wconf 79' lang='lat' dir='ltr'><strong>ferae.</strong></span> 
     </span>
     <span class='ocr_line' id='line_1_6' title="bbox 97 773 894 863; baseline 0.005 -21"><span class='ocrx_word' id='word_1_30' title='bbox 97 785 210 842; x_wconf 83' lang='lat' dir='ltr'><strong>Frnuur</strong></span> <span class='ocrx_word' id='word_1_31' title='bbox 225 802 310 842; x_wconf 90' lang='lat' dir='ltr'><strong>nemo</strong></span> <span class='ocrx_word' id='word_1_32' title='bbox 324 802 453 862; x_wconf 87' lang='lat' dir='ltr'><strong>unquam</strong></span> <span class='ocrx_word' id='word_1_33' title='bbox 468 773 642 863; x_wconf 65' lang='lat' dir='ltr'><strong>perditum</strong></span> <span class='ocrx_word' id='word_1_34' title='bbox 656 783 707 862; x_wconf 90' lang='lat' dir='ltr'><strong>qui</strong></span> <span class='ocrx_word' id='word_1_35' title='bbox 721 773 894 846; x_wconf 79' lang='lat' dir='ltr'><strong>nonhabet.</strong></span> 
     </span>
     <span class='ocr_line' id='line_1_7' title="bbox 96 869 895 960; baseline 0 -20"><span class='ocrx_word' id='word_1_36' title='bbox 96 883 209 942; x_wconf 74' lang='lat' dir='ltr'><strong>Fruere</strong></span> <span class='ocrx_word' id='word_1_37' title='bbox 226 880 277 960; x_wconf 89' lang='lat' dir='ltr'><strong>qui</strong></span> <span class='ocrx_word' id='word_1_38' title='bbox 291 873 400 960; x_wconf 83' lang='lat' dir='ltr'><strong>perdit,¹</strong></span> <span class='ocrx_word' id='word_1_39' title='bbox 410 871 529 960; x_wconf 81' lang='lat' dir='ltr'><strong>perdere</strong></span> <span class='ocrx_word' id='word_1_40' title='bbox 543 873 623 939; x_wconf 81' lang='lat' dir='ltr'><strong>ultra</strong></span> <span class='ocrx_word' id='word_1_41' title='bbox 632 880 673 938; x_wconf 80' lang='lat' dir='ltr'><strong>nil</strong></span> <span class='ocrx_word' id='word_1_42' title='bbox 685 869 805 960; x_wconf 83' lang='lat' dir='ltr'><strong>potest.¹</strong></span> <span class='ocrx_word' id='word_1_43' title='bbox 822 907 829 924; x_wconf 89' lang='lat'><strong>·</strong></span> <span class='ocrx_word' id='word_1_44' title='bbox 852 889 895 940; x_wconf 74' lang='lat' dir='ltr'><strong>&#39;nuo</strong></span> 
     </span>
     <span class='ocr_line' id='line_1_8' title="bbox 44 977 765 1059; baseline 0 -21"><span class='ocrx_word' id='word_1_45' title='bbox 44 1029 48 1038; x_wconf 92' lang='lat'><em>.</em></span> <span class='ocrx_word' id='word_1_46' title='bbox 96 979 210 1038; x_wconf 81' lang='lat' dir='ltr'><strong>Frnurr</strong></span> <span class='ocrx_word' id='word_1_47' title='bbox 225 979 276 1058; x_wconf 91' lang='lat' dir='ltr'><strong>qui</strong></span> <span class='ocrx_word' id='word_1_48' title='bbox 290 979 394 1058; x_wconf 87' lang='lat' dir='ltr'>perdit,</span> <span class='ocrx_word' id='word_1_49' title='bbox 407 996 466 1059; x_wconf 83' lang='lat' dir='ltr'><strong>quo</strong></span> <span class='ocrx_word' id='word_1_50' title='bbox 480 987 617 1038; x_wconf 78' lang='lat' dir='ltr'><strong>sesemet</strong></span> <span class='ocrx_word' id='word_1_51' title='bbox 631 977 765 1056; x_wconf 74' lang='lat' dir='ltr'><strong>reliq‘rio?</strong></span> 
     </span>
     <span class='ocr_line' id='line_1_9' title="bbox 96 1067 884 1155; baseline 0 -20"><span class='ocrx_word' id='word_1_52' title='bbox 96 1075 211 1148; x_wconf 79' lang='lat' dir='ltr'><strong>Frons,</strong></span> <span class='ocrx_word' id='word_1_53' title='bbox 226 1086 260 1136; x_wconf 91' lang='lat' dir='ltr'><strong>ut</strong></span> <span class='ocrx_word' id='word_1_54' title='bbox 273 1075 381 1150; x_wconf 86' lang='lat' dir='ltr'><strong>anima,</strong></span> <span class='ocrx_word' id='word_1_55' title='bbox 395 1067 474 1135; x_wconf 87' lang='lat' dir='ltr'><strong>unde</strong></span> <span class='ocrx_word' id='word_1_56' title='bbox 489 1075 570 1146; x_wconf 88' lang='lat' dir='ltr'><strong>abiit,</strong></span> <span class='ocrx_word' id='word_1_57' title='bbox 585 1095 620 1135; x_wconf 89' lang='lat' dir='ltr'><strong>eo</strong></span> <span class='ocrx_word' id='word_1_58' title='bbox 634 1096 785 1155; x_wconf 88' lang='lat' dir='ltr'><strong>nunquam</strong></span> <span class='ocrx_word' id='word_1_59' title='bbox 800 1076 884 1136; x_wconf 86' lang='lat' dir='ltr'><strong>redit.</strong></span> 
     </span>
     <span class='ocr_line' id='line_1_10' title="bbox 96 1161 743 1234; baseline 0 -2"><span class='ocrx_word' id='word_1_60' title='bbox 96 1173 250 1234; x_wconf 79' lang='lat' dir='ltr'><strong>Fourrosn</strong></span> <span class='ocrx_word' id='word_1_61' title='bbox 264 1171 352 1232; x_wconf 83' lang='lat' dir='ltr'><strong>facies</strong></span> <span class='ocrx_word' id='word_1_62' title='bbox 366 1182 448 1232; x_wconf 88' lang='lat' dir='ltr'><strong>muta</strong></span> <span class='ocrx_word' id='word_1_63' title='bbox 461 1161 674 1233; x_wconf 78' lang='lat' dir='ltr'><strong>commendatio</strong></span> <span class='ocrx_word' id='word_1_64' title='bbox 689 1183 743 1232; x_wconf 90' lang='lat' dir='ltr'><strong>est.</strong></span> 
     </span>
     <span class='ocr_line' id='line_1_11' title="bbox 95 1269 781 1352; baseline 0 -22"><span class='ocrx_word' id='word_1_65' title='bbox 95 1271 259 1332; x_wconf 81' lang='lat' dir='ltr'><strong>Fonruun</strong></span> <span class='ocrx_word' id='word_1_66' title='bbox 272 1290 340 1330; x_wconf 90' lang='lat' dir='ltr'><strong>cum</strong></span> <span class='ocrx_word' id='word_1_67' title='bbox 354 1269 513 1342; x_wconf 80' lang='lat' dir='ltr'>blanditur,</span> <span class='ocrx_word' id='word_1_68' title='bbox 528 1280 677 1352; x_wconf 83' lang='lat' dir='ltr'><strong>captatum</strong></span> <span class='ocrx_word' id='word_1_69' title='bbox 691 1270 781 1332; x_wconf 88' lang='lat' dir='ltr'><strong>venit.</strong></span> 
     </span>
     <span class='ocr_line' id='line_1_12' title="bbox 95 1359 895 1448; baseline 0 -20"><span class='ocrx_word' id='word_1_70' title='bbox 95 1369 259 1428; x_wconf 75' lang='lat' dir='ltr'><strong>Fonruun</strong></span> <span class='ocrx_word' id='word_1_71' title='bbox 270 1368 307 1428; x_wconf 90' lang='lat' dir='ltr'><strong>ad</strong></span> <span class='ocrx_word' id='word_1_72' title='bbox 316 1387 401 1428; x_wconf 87' lang='lat' dir='ltr'><strong>omne</strong></span> <span class='ocrx_word' id='word_1_73' title='bbox 413 1367 478 1448; x_wconf 87' lang='lat' dir='ltr'><strong>plus</strong></span> <span class='ocrx_word' id='word_1_74' title='bbox 486 1370 572 1446; x_wconf 75' lang='lat' dir='ltr'><strong>(plue</strong></span> <span class='ocrx_word' id='word_1_75' title='bbox 586 1369 713 1435; x_wconf 56' lang='lat' dir='ltr'><strong>tantiam</strong></span> <span class='ocrx_word' id='word_1_76' title='bbox 725 1369 803 1428; x_wconf 80' lang='lat' dir='ltr'><strong>nulli</strong></span> <span class='ocrx_word' id='word_1_77' title='bbox 811 1359 895 1446; x_wconf 80' lang='lat' dir='ltr'><strong>plus)</strong></span> 
     </span>
     <span class='ocr_line' id='line_1_13' title="bbox 220 1464 895 1544; baseline 0 -20"><span class='ocrx_word' id='word_1_78' title='bbox 220 1485 308 1544; x_wconf 93' lang='lat' dir='ltr'><strong>quarn</strong></span> <span class='ocrx_word' id='word_1_79' title='bbox 321 1464 472 1525; x_wconf 78' lang='lat' dir='ltr'><strong>consilium</strong></span> <span class='ocrx_word' id='word_1_80' title='bbox 485 1465 573 1524; x_wconf 85' lang='lat' dir='ltr'><strong>valet.</strong></span> <span class='ocrx_word' id='word_1_81' title='bbox 855 1486 895 1524; x_wconf 69' lang='lat' dir='ltr'><strong>aas</strong></span> 
     </span>
     <span class='ocr_line' id='line_1_14' title="bbox 97 1561 759 1642; baseline 0.003 -22"><span class='ocrx_word' id='word_1_82' title='bbox 97 1561 228 1621; x_wconf 84' lang='lat' dir='ltr'>Fortuna</span> <span class='ocrx_word' id='word_1_83' title='bbox 237 1563 287 1642; x_wconf 85' lang='lat' dir='ltr'><strong>jus</strong></span> <span class='ocrx_word' id='word_1_84' title='bbox 300 1562 329 1620; x_wconf 91' lang='lat' dir='ltr'><strong>in</strong></span> <span class='ocrx_word' id='word_1_85' title='bbox 342 1562 463 1622; x_wconf 83' lang='lat' dir='ltr'><strong>hominis</strong></span> <span class='ocrx_word' id='word_1_86' title='bbox 479 1581 571 1621; x_wconf 86' lang='lat' dir='ltr'><strong>mores</strong></span> <span class='ocrx_word' id='word_1_87' title='bbox 589 1581 645 1620; x_wconf 92' lang='lat' dir='ltr'><strong>non</strong></span> <span class='ocrx_word' id='word_1_88' title='bbox 660 1561 759 1622; x_wconf 89' lang='lat' dir='ltr'><strong>habet.</strong></span> 
     </span>
     <span class='ocr_line' id='line_1_15' title="bbox 98 1658 814 1738; baseline 0.001 -21"><span class='ocrx_word' id='word_1_89' title='bbox 98 1659 227 1718; x_wconf 83' lang='lat' dir='ltr'><strong>Fortuna</strong></span> <span class='ocrx_word' id='word_1_90' title='bbox 241 1679 358 1738; x_wconf 81' lang='lat' dir='ltr'><strong>magna,</strong></span> <span class='ocrx_word' id='word_1_91' title='bbox 374 1679 481 1738; x_wconf 84' lang='lat' dir='ltr'><strong>magua</strong></span> <span class='ocrx_word' id='word_1_92' title='bbox 495 1658 612 1718; x_wconf 84' lang='lat' dir='ltr'><strong>domino</strong></span> <span class='ocrx_word' id='word_1_93' title='bbox 626 1668 670 1718; x_wconf 92' lang='lat' dir='ltr'><strong>est</strong></span> <span class='ocrx_word' id='word_1_94' title='bbox 684 1660 814 1719; x_wconf 86' lang='lat' dir='ltr'><strong>servitus.</strong></span> 
     </span>
     <span class='ocr_line' id='line_1_16' title="bbox 97 1755 768 1836; baseline 0.001 -22"><span class='ocrx_word' id='word_1_95' title='bbox 97 1757 285 1816; x_wconf 80' lang='lat' dir='ltr'><strong>Fonuuunru</strong></span> <span class='ocrx_word' id='word_1_96' title='bbox 300 1756 384 1815; x_wconf 84' lang='lat' dir='ltr'><strong>nitius</strong></span> <span class='ocrx_word' id='word_1_97' title='bbox 396 1755 519 1835; x_wconf 80' lang='lat' dir='ltr'><strong>reperias</strong></span> <span class='ocrx_word' id='word_1_98' title='bbox 533 1775 620 1836; x_wconf 89' lang='lat' dir='ltr'><strong>quarn</strong></span> <span class='ocrx_word' id='word_1_99' title='bbox 635 1756 768 1816; x_wconf 67' lang='lat' dir='ltr'><strong>retineat.</strong></span> 
     </span>
     <span class='ocr_line' id='line_1_17' title="bbox 96 1843 824 1931; baseline 0.001 -19"><span class='ocrx_word' id='word_1_100' title='bbox 96 1853 257 1913; x_wconf 79' lang='lat' dir='ltr'><strong>Fonruun</strong></span> <span class='ocrx_word' id='word_1_101' title='bbox 273 1848 393 1913; x_wconf 88' lang='lat' dir='ltr'><strong>nimium</strong></span> <span class='ocrx_word' id='word_1_102' title='bbox 406 1849 492 1931; x_wconf 85' lang='lat' dir='ltr'><strong>quem</strong></span> <span class='ocrx_word' id='word_1_103' title='bbox 507 1852 595 1926; x_wconf 82' lang='lat' dir='ltr'><strong>fovet,</strong></span> <span class='ocrx_word' id='word_1_104' title='bbox 610 1843 732 1912; x_wconf 61' lang='lat' dir='ltr'><strong>&#39;ntultum</strong></span> <span class='ocrx_word' id='word_1_105' title='bbox 744 1853 824 1913; x_wconf 86' lang='lat' dir='ltr'><strong>facit.</strong></span> 
     </span>
     <span class='ocr_line' id='line_1_18' title="bbox 97 1942 895 2022; baseline 0.003 -14"><span class='ocrx_word' id='word_1_106' title='bbox 97 1950 228 2009; x_wconf 83' lang='lat' dir='ltr'><strong>Fortuna</strong></span> <span class='ocrx_word' id='word_1_107' title='bbox 241 1969 293 2009; x_wconf 85' lang='lat' dir='ltr'><strong>nos</strong></span> <span class='ocrx_word' id='word_1_108' title='bbox 305 1949 405 2022; x_wconf 88' lang='lat' dir='ltr'><strong>vincit,</strong></span> <span class='ocrx_word' id='word_1_109' title='bbox 419 1949 475 2008; x_wconf 84' lang='lat' dir='ltr'><strong>nisi</strong></span> <span class='ocrx_word' id='word_1_110' title='bbox 488 1942 550 2010; x_wconf 86' lang='lat' dir='ltr'><strong>tota</strong></span> <span class='ocrx_word' id='word_1_111' title='bbox 563 1950 695 2009; x_wconf 85' lang='lat' dir='ltr'><strong>vincitur.</strong></span> <span class='ocrx_word' id='word_1_112' title='bbox 851 1957 895 2010; x_wconf 77' lang='lat' dir='ltr'><strong>&#39;aaa</strong></span> 
     </span>
     <span class='ocr_line' id='line_1_19' title="bbox 98 2046 774 2108; baseline 0.006 -4"><span class='ocrx_word' id='word_1_113' title='bbox 98 2047 260 2106; x_wconf 78' lang='lat' dir='ltr'><strong>Fonruun</strong></span> <span class='ocrx_word' id='word_1_114' title='bbox 275 2047 374 2106; x_wconf 85' lang='lat' dir='ltr'><strong>obesse</strong></span> <span class='ocrx_word' id='word_1_115' title='bbox 388 2046 461 2105; x_wconf 83' lang='lat' dir='ltr'><strong>nulli</strong></span> <span class='ocrx_word' id='word_1_116' title='bbox 473 2057 608 2108; x_wconf 87' lang='lat' dir='ltr'><strong>contenta</strong></span> <span class='ocrx_word' id='word_1_117' title='bbox 619 2057 664 2108; x_wconf 85' lang='lat' dir='ltr'><strong>est</strong></span> <span class='ocrx_word' id='word_1_118' title='bbox 676 2047 774 2108; x_wconf 79' lang='lat' dir='ltr'><strong>semel.</strong></span> 
     </span>
     <span class='ocr_line' id='line_1_20' title="bbox 97 2143 784 2223; baseline -0.001 -20"><span class='ocrx_word' id='word_1_119' title='bbox 97 2144 258 2204; x_wconf 82' lang='lat' dir='ltr'><strong>Fonrunn</strong></span> <span class='ocrx_word' id='word_1_120' title='bbox 273 2163 332 2223; x_wconf 91' lang='lat' dir='ltr'><strong>quo</strong></span> <span class='ocrx_word' id='word_1_121' title='bbox 346 2164 387 2216; x_wconf 85' lang='lat' dir='ltr'><strong>se,</strong></span> <span class='ocrx_word' id='word_1_122' title='bbox 401 2143 503 2204; x_wconf 89' lang='lat' dir='ltr'><strong>eodem</strong></span> <span class='ocrx_word' id='word_1_123' title='bbox 518 2155 548 2204; x_wconf 88' lang='lat' dir='ltr'><strong>et</strong></span> <span class='ocrx_word' id='word_1_124' title='bbox 560 2144 682 2206; x_wconf 69' lang='lat' dir='ltr'><strong>inclinat</strong></span> <span class='ocrx_word' id='word_1_125' title='bbox 694 2144 784 2204; x_wconf 83' lang='lat' dir='ltr'><strong>favor.</strong></span> 
     </span>
     <span class='ocr_line' id='line_1_21' title="bbox 5 2241 893 2322; baseline 0.001 -22"><span class='ocrx_word' id='word_1_126' title='bbox 5 2277 6 2280; x_wconf 61' lang='lat'><em>=</em></span> <span class='ocrx_word' id='word_1_127' title='bbox 97 2241 257 2301; x_wconf 77' lang='lat' dir='ltr'><strong>Fonruun</strong></span> <span class='ocrx_word' id='word_1_128' title='bbox 266 2241 355 2301; x_wconf 85' lang='lat' dir='ltr'><strong>vitrea</strong></span> <span class='ocrx_word' id='word_1_129' title='bbox 363 2252 422 2310; x_wconf 75' lang='lat' dir='ltr'><strong>eutr</strong></span> <span class='ocrx_word' id='word_1_130' title='bbox 433 2250 580 2314; x_wconf 84' lang='lat' dir='ltr'><strong>tum,cum</strong></span> <span class='ocrx_word' id='word_1_131' title='bbox 592 2241 736 2322; x_wconf 78' lang='lat' dir='ltr'><strong>splendet,</strong></span> <span class='ocrx_word' id='word_1_132' title='bbox 742 2242 893 2321; x_wconf 83' lang='lat' dir='ltr'><strong>frangitur.</strong></span> 
     </span>
     <span class='ocr_line' id='line_1_22' title="bbox 97 2330 879 2418; baseline 0.003 -20"><span class='ocrx_word' id='word_1_133' title='bbox 97 2339 227 2398; x_wconf 78' lang='lat' dir='ltr'><strong>Fortuna</strong></span> <span class='ocrx_word' id='word_1_134' title='bbox 240 2339 319 2399; x_wconf 89' lang='lat' dir='ltr'><strong>unde</strong></span> <span class='ocrx_word' id='word_1_135' title='bbox 332 2338 442 2417; x_wconf 87' lang='lat' dir='ltr'><strong>aliquid</strong></span> <span class='ocrx_word' id='word_1_136' title='bbox 456 2339 552 2418; x_wconf 82' lang='lat' dir='ltr'><strong>fregit,</strong></span> <span class='ocrx_word' id='word_1_137' title='bbox 567 2359 682 2400; x_wconf 85' lang='lat' dir='ltr'><strong>causum</strong></span> <span class='ocrx_word' id='word_1_138' title='bbox 695 2340 811 2418; x_wconf 86' lang='lat' dir='ltr'><strong>penitus</strong></span> <span class='ocrx_word' id='word_1_139' title='bbox 825 2330 879 2400; x_wconf 79' lang='lat' dir='ltr'><strong>est.</strong></span> 
     </span>
     <span class='ocr_line' id='line_1_23' title="bbox 94 2435 889 2515; baseline 0 -21"><span class='ocrx_word' id='word_1_140' title='bbox 94 2435 223 2495; x_wconf 86' lang='lat' dir='ltr'><strong>Fortuna</strong></span> <span class='ocrx_word' id='word_1_141' title='bbox 236 2455 289 2494; x_wconf 90' lang='lat' dir='ltr'><strong>usu</strong></span> <span class='ocrx_word' id='word_1_142' title='bbox 304 2435 355 2495; x_wconf 92' lang='lat' dir='ltr'><strong>dat</strong></span> <span class='ocrx_word' id='word_1_143' title='bbox 368 2435 470 2509; x_wconf 85' lang='lat' dir='ltr'><strong>multa,</strong></span> <span class='ocrx_word' id='word_1_144' title='bbox 485 2437 629 2515; x_wconf 89' lang='lat' dir='ltr'><strong>mancipio</strong></span> <span class='ocrx_word' id='word_1_145' title='bbox 645 2437 725 2497; x_wconf 87' lang='lat' dir='ltr'><strong>nihil.</strong></span> <span class='ocrx_word' id='word_1_146' title='bbox 849 2459 889 2495; x_wconf 73' lang='lat' dir='ltr'><strong>aas</strong></span> 
     </span>
     <span class='ocr_line' id='line_1_24' title="bbox 96 2533 803 2612; baseline 0.001 -20"><span class='ocrx_word' id='word_1_147' title='bbox 96 2533 188 2592; x_wconf 86' lang='lat' dir='ltr'><strong>Fraus</strong></span> <span class='ocrx_word' id='word_1_148' title='bbox 202 2542 246 2592; x_wconf 87' lang='lat' dir='ltr'><strong>est</strong></span> <span class='ocrx_word' id='word_1_149' title='bbox 259 2533 389 2612; x_wconf 85' lang='lat' dir='ltr'><strong>accipere</strong></span> <span class='ocrx_word' id='word_1_150' title='bbox 403 2533 479 2612; x_wconf 91' lang='lat' dir='ltr'><strong>quod</strong></span> <span class='ocrx_word' id='word_1_151' title='bbox 496 2552 553 2592; x_wconf 87' lang='lat' dir='ltr'><strong>nou</strong></span> <span class='ocrx_word' id='word_1_152' title='bbox 569 2534 661 2612; x_wconf 86' lang='lat' dir='ltr'><strong>possis</strong></span> <span class='ocrx_word' id='word_1_153' title='bbox 675 2533 803 2593; x_wconf 86' lang='lat' dir='ltr'><strong>reddere.</strong></span> 
     </span>
     <span class='ocr_line' id='line_1_25' title="bbox 97 2628 822 2710; baseline 0.004 -23"><span class='ocrx_word' id='word_1_154' title='bbox 97 2630 247 2707; x_wconf 77' lang='lat' dir='ltr'><strong>Frequens</strong></span> <span class='ocrx_word' id='word_1_155' title='bbox 259 2628 387 2689; x_wconf 85' lang='lat' dir='ltr'><strong>vindicta</strong></span> <span class='ocrx_word' id='word_1_156' title='bbox 400 2647 557 2709; x_wconf 87' lang='lat' dir='ltr'><strong>paucorum</strong></span> <span class='ocrx_word' id='word_1_157' title='bbox 572 2629 671 2688; x_wconf 88' lang='lat' dir='ltr'><strong>odium</strong></span> <span class='ocrx_word' id='word_1_158' title='bbox 684 2630 822 2710; x_wconf 87' lang='lat' dir='ltr'><strong>reprimit.</strong></span> 
     </span>
     <span class='ocr_line' id='line_1_26' title="bbox 98 2727 875 2805; baseline 0 -19"><span class='ocrx_word' id='word_1_159' title='bbox 98 2727 315 2787; x_wconf 77' lang='lat' dir='ltr'><strong>Fauonmrns</strong></span> <span class='ocrx_word' id='word_1_160' title='bbox 330 2727 443 2786; x_wconf 84' lang='lat' dir='ltr'><strong>miseria</strong></span> <span class='ocrx_word' id='word_1_161' title='bbox 457 2728 594 2805; x_wconf 80' lang='lat' dir='ltr'><strong>(inserta)</strong></span> <span class='ocrx_word' id='word_1_162' title='bbox 607 2736 651 2786; x_wconf 88' lang='lat' dir='ltr'><strong>est</strong></span> <span class='ocrx_word' id='word_1_163' title='bbox 664 2727 783 2786; x_wconf 86' lang='lat' dir='ltr'><strong>rumoris</strong></span> <span class='ocrx_word' id='word_1_164' title='bbox 795 2727 875 2786; x_wconf 89' lang='lat' dir='ltr'><strong>boni.</strong></span> 
     </span>
     <span class='ocr_line' id='line_1_27' title="bbox 98 2821 751 2904; baseline 0.003 -21"><span class='ocrx_word' id='word_1_165' title='bbox 98 2825 217 2884; x_wconf 81' lang='lat' dir='ltr'><strong>Frustra</strong></span> <span class='ocrx_word' id='word_1_166' title='bbox 230 2821 355 2902; x_wconf 84' lang='lat' dir='ltr'><strong>rogatur,</strong></span> <span class='ocrx_word' id='word_1_167' title='bbox 371 2823 631 2904; x_wconf 75' lang='lat' dir='ltr'><strong>qui‘miserurinon</strong></span> <span class='ocrx_word' id='word_1_168' title='bbox 646 2834 751 2903; x_wconf 83' lang='lat' dir='ltr'><strong>potest.</strong></span> 
     </span>
     <span class='ocr_line' id='line_1_28' title="bbox 97 2921 896 3003; baseline 0 -23"><span class='ocrx_word' id='word_1_169' title='bbox 97 2923 219 2982; x_wconf 82' lang='lat' dir='ltr'><strong>Fuaoa</strong></span> <span class='ocrx_word' id='word_1_170' title='bbox 232 2923 266 2982; x_wconf 89' lang='lat' dir='ltr'><strong>fit</strong></span> <span class='ocrx_word' id='word_1_171' title='bbox 279 2922 350 2982; x_wconf 83' lang='lat' dir='ltr'><strong>laesa</strong></span> <span class='ocrx_word' id='word_1_172' title='bbox 362 2921 466 3003; x_wconf 82' lang='lat' dir='ltr'><strong>saepius</strong></span> <span class='ocrx_word' id='word_1_173' title='bbox 479 2922 627 3001; x_wconf 86' lang='lat' dir='ltr'><strong>patientia.</strong></span> <span class='ocrx_word' id='word_1_174' title='bbox 847 2933 896 2981; x_wconf 71' lang='lat' dir='ltr'><strong>&#39;aaa</strong></span> 
     </span>
     <span class='ocr_line' id='line_1_29' title="bbox 97 3019 724 3098; baseline 0.006 -20"><span class='ocrx_word' id='word_1_175' title='bbox 97 3020 209 3078; x_wconf 85' lang='lat' dir='ltr'><strong>Futura</strong></span> <span class='ocrx_word' id='word_1_176' title='bbox 222 3028 365 3098; x_wconf 84' lang='lat' dir='ltr'><strong>puguant,</strong></span> <span class='ocrx_word' id='word_1_177' title='bbox 380 3040 417 3079; x_wconf 92' lang='lat' dir='ltr'><strong>ne</strong></span> <span class='ocrx_word' id='word_1_178' title='bbox 431 3038 463 3079; x_wconf 81' lang='lat' dir='ltr'><strong>ne</strong></span> <span class='ocrx_word' id='word_1_179' title='bbox 477 3019 603 3098; x_wconf 83' lang='lat' dir='ltr'><strong>superari</strong></span> <span class='ocrx_word' id='word_1_180' title='bbox 617 3019 724 3082; x_wconf 83' lang='lat' dir='ltr'><strong>sinant.</strong></span> 
     </span>
     <span class='ocr_line' id='line_1_30' title="bbox 96 3116 812 3197; baseline -0.001 -21"><span class='ocrx_word' id='word_1_181' title='bbox 96 3117 235 3176; x_wconf 84' lang='lat' dir='ltr'><strong>Geminat</strong></span> <span class='ocrx_word' id='word_1_182' title='bbox 248 3125 412 3197; x_wconf 89' lang='lat' dir='ltr'><strong>peccatum,</strong></span> <span class='ocrx_word' id='word_1_183' title='bbox 427 3137 514 3196; x_wconf 85' lang='lat' dir='ltr'><strong>quem</strong></span> <span class='ocrx_word' id='word_1_184' title='bbox 527 3116 625 3177; x_wconf 83' lang='lat' dir='ltr'><strong>delicti</strong></span> <span class='ocrx_word' id='word_1_185' title='bbox 638 3137 697 3176; x_wconf 92' lang='lat' dir='ltr'><strong>non</strong></span> <span class='ocrx_word' id='word_1_186' title='bbox 712 3116 812 3197; x_wconf 90' lang='lat' dir='ltr'><strong>pudet.</strong></span> 
     </span>
     <span class='ocr_line' id='line_1_31' title="bbox 97 3214 718 3290; baseline 0.002 -16"><span class='ocrx_word' id='word_1_187' title='bbox 97 3214 232 3275; x_wconf 84' lang='lat' dir='ltr'><strong>Gemitus</strong></span> <span class='ocrx_word' id='word_1_188' title='bbox 245 3214 358 3276; x_wconf 84' lang='lat' dir='ltr'><strong>dolores</strong></span> <span class='ocrx_word' id='word_1_189' title='bbox 372 3214 491 3290; x_wconf 86' lang='lat' dir='ltr'><strong>indicat,-</strong></span> <span class='ocrx_word' id='word_1_190' title='bbox 506 3233 565 3276; x_wconf 89' lang='lat' dir='ltr'><strong>uon</strong></span> <span class='ocrx_word' id='word_1_191' title='bbox 581 3215 718 3275; x_wconf 84' lang='lat' dir='ltr'><strong>vindieat.</strong></span> 
     </span>
    </p>
   </div>
   <div class='ocr_carea' id='block_1_4' title="bbox 0 0 1154 3684">
    <p class='ocr_par' dir='ltr' id='par_1_4' title="bbox 0 0 1154 3684">
     <span class='ocr_line' id='line_1_32' title="bbox 0 0 1154 3684; baseline 0 1"><span class='ocrx_word' id='word_1_192' title='bbox 0 0 1154 3684; x_wconf 95' lang='lat' dir='ltr'><strong> </strong></span> 
     </span>
    </p>
   </div>
  </div>
 </body>
</html>
