2298 3684
248 219 304 278 118
545 233 746 276 surranum.

246 364 459 442 Quemcunque
475 361 766 440 qnaerit,‘eelaoritas‚
780 359 866 421 laoile
881 359 999 420 invenit.

246 461 345 528 Quem
357 460 475 539 diligas,
488 475 574 520 enam
587 459 669 538 queri
682 459 719 518 de
728 457 795 538 ipso
809 458 920 518 malum
934 468 988 518 est.
1007 473 1053 518 ooo

246 558 343 625 Quem
354 558 433 617 fama
446 557 534 617 semel
545 556 700 636 oppressit,
713 556 762 616 vix
775 555 946 616 restituitur.

247 655 307 722 Qui
320 674 406 734 aequo
420 655 503 714 malis
517 655 614 714 animo
629 653 776 726 miscetur,
788 663 835 713 est
847 653 952 714 malus.

248 751 307 818 Qui
320 752 395 812 bene
407 751 579 823 dissimulat,
593 750 677 810 citius
691 749 807 810 inimico
819 760 914 812 nocet.

248 848 397 928 Quicquid
410 849 488 908 bono
502 848 648 920 concedis,
662 848 717 908 das
730 858 842 927 partem
856 847 919 907 tibi.
1012 883 1017 890 ·

248 947 396 1028 Quicquid
410 949 533 1021 condaris,
549 969 607 1028 qno
621 948 916 1028 perveniasrcogites.
1008 963 1052 1008 ooo

249 1045 398 1126 Quicquid
413 1049 447 1107 fit
459 1068 526 1107 cum
540 1047 654 1118 virtute,
667 1045 702 1106 fit
714 1065 781 1105 cum
796 1039 897 1124 gloria.

250 1143 397 1221 Quicquid
413 1144 541 1203 Fortuna
554 1154 685 1216 suomet,
700 1143 759 1203 cito
772 1143 976 1203 contemnitur.

250 1239 421 1306 Qurceurn
429 1239 558 1300 futurum
570 1250 614 1300 est
625 1259 781 1314 summum,
793 1242 830 1299 ab
840 1239 898 1300 imo
908 1240 1049 1322 nascitur.

213 1321 217 1332 ’
250 1335 398 1415 Quicquid
410 1356 515 1397 ,nocere
529 1335 641 1409 didicit,
656 1335 796 1408 meminit,
810 1356 878 1396 curn
892 1347 997 1416 potest.

251 1434 323 1506 Qui,
337 1455 404 1494 cum
417 1433 507 1506 dolet,
521 1434 679 1506 blanditur,
693 1446 760 1514 post
773 1443 890 1514 tempus
904 1435 989 1514 sapit.
1010 1450 1051 1495 oro

251 1533 380 1601 Quidam
395 1535 502 1595 inimici
514 1555 624 1612 graves,
637 1533 722 1594 amici
735 1544 804 1594 sunt
817 1533 904 1594 leves.

252 1631 311 1699 Qui
325 1631 422 1704 debet,
435 1632 522 1692 limen
535 1632 684 1692 creditoris
697 1651 757 1691 non
771 1642 859 1692 amat.

252 1729 331 1796 Quid
347 1717 391 1788 est
405 1729 577 1789 beneficium
592 1729 685 1789 dare?
707 1727 811 1788 imitari
827 1729 935 1788 Deum.

252 1826 311 1893 Qui
326 1826 411 1886 docte
426 1826 521 1900 servit,
534 1837 645 1907 partem
657 1825 823 1886 dominatus
835 1835 923 1885 tenet.
988 1851 989 1854 ¹

253 1922 331 1990 Quid
346 1923 469 2003 quisque
482 1923 583 2003 possit,
597 1923 653 1983 nisi
666 1931 788 1996 tentato,
802 1923 915 1982 nesciit.
1010 1937 1051 1982 ors

253 2021 334 2088 Quid
348 2021 409 2099 ipse
423 2021 472 2090 sis,
488 2041 546 2080 nou
559 2021 629 2099 quid
642 2019 783 2092 habearis,
798 2013 923 2079 int'erest.

252 2117 332 2184 Quid
347 2118 399 2178 tibi
410 2119 536 2199 pecunia
548 2139 621 2198 opus
636 2129 691 2191 est,
705 2117 729 2177 si
743 2138 779 2178 ea
791 2118 835 2178 uti
849 2138 906 2178 non
923 2121 1028 2198 potes?

252 2214 360 2282 Quieta
373 2215 434 2275 vita
447 2215 492 2287 iis,
508 2217 558 2294 qui
572 2215 679 2276 tollunt
693 2215 805 2286 Meum,
818 2215 924 2276 Tuum.

253 2312 314 2379 Qui
327 2322 451 2392 spectet,
466 2321 500 2371 ut
512 2323 638 2390 rogetur,
652 2312 780 2372 officium
795 2312 881 2373 levat.

254 2409 314 2477 Qui
329 2409 358 2467 in
374 2428 440 2468 vero
451 2408 576 2482 dubitat,
591 2408 666 2469 male
682 2409 752 2488 agit,
766 2428 833 2468 cum
847 2409 998 2470 deliberat.
1012 2425 1054 2470 oso

253 2507 313 2574 Qui
328 2506 434 2566 invitus
448 2507 544 2578 servit,
559 2507 593 2566 lit
603 2506 699 2579 miser,
713 2506 799 2566 servit
811 2517 920 2567 tamen.

253 2604 312 2671 Qui
322 2604 526 2685 jusjurandum
541 2613 644 2676 servat,
658 2603 760 2682 quovis
774 2604 913 2684 pervenit.

253 2701 313 2769 Qui
327 2702 429 2761 metuit
442 2701 649 2774 calamitatem,
662 2701 753 2760 rarius
769 2700 884 2781 accipit.

226 2843 230 2850 .
253 2799 313 2866 Qui
326 2799 412 2858 timet
424 2799 542 2859 insidias
555 2817 666 2872 omnes,
681 2797 777 2858 nullas
790 2789 898 2858 incidit

253 2895 313 2963 Qui
328 2906 394 2974 pote
408 2895 501 2955 celere
514 2896 626 2968 vitium,
640 2896 742 2956 vitium
756 2915 814 2956 nou
827 2896 908 2958 facit.
1013 2913 1054 2959 aas

254 2993 314 3061 Qui
328 3003 395 3073 pote
408 2992 561 3052 consilinm
576 2993 688 3073 lugere,
702 3013 801 3074 sapere
816 2993 891 3054 idem
908 3004 1013 3073 potest.

253 3090 312 3160 Qui
325 3099 393 3169 pote
409 3108 521 3162 nocere,
537 3091 665 3164 timetur,
681 3110 747 3152 cnm
761 3090 847 3152 etiam
863 3111 922 3153 non
938 3103 1026 3153 nocet

375 3187 507 3263 (adest).
