2298 3684
379 261 580 302 snnrnnrrn.
828 246 885 303 109

85 389 180 451 Iratus
188 388 233 448 nil
248 408 306 448 non
320 388 448 449 oriminis
462 388 590 469 loquitur
603 388 677 448 loco.

85 487 115 546 Is
127 485 248 547 minimo
261 495 328 565 eget
340 487 479 559 mortalis,
493 487 544 565 qui
558 486 709 546 minimum
723 485 814 564 cupit.

84 584 243 646 Innoroda
254 583 361 656 arnico,
375 603 412 643 na
427 582 464 643 sit
480 582 597 642 inimico
611 583 705 642 locus.
844 605 884 643 aro

84 682 132 740 Ita
146 681 271 740 amioum
279 681 398 752 habeas,
409 699 494 760 posse
505 679 653 740 inimicum
664 681 724 740 fieri
739 691 773 740 ut
786 691 880 762 putes.

84 778 165 837 Iron
180 788 233 848 est,
245 781 420 856 quacunque
435 777 487 836 dat
501 776 576 856 prior
589 778 752 856 vestigium.

83 874 224 936 Juounda
237 873 411 934 maculaast
422 893 461 934 ox
476 873 584 934 inimici
597 875 746 952 sanguine.

83 971 102 1032 J
105 972 256 1032 neundum
268 971 339 1031 nihil
353 981 411 1043 est.
422 971 476 1030 nisi
489 971 678 1050 quodreiicit.
688 972 820 1032 varietas.

82 1069 200 1130 Jnnnx
217 1069 382 1141 damnatur,
398 1087 465 1128 oum
480 1087 588 1128 nocens
602 1068 769 1128 absolvitur.
846 1091 886 1128 :no

83 1167 141 1226 Jns
156 1183 241 1225 omne
255 1186 343 1244 supra
356 1184 471 1225 omnem
485 1165 612 1245 positum
626 1177 669 1226 ast
683 1166 826 1246 injuriam.

84 1263 169 1322 Laeso
183 1263 289 1322 doloris
303 1263 462 1322 remedium
476 1262 583 1342 inimici
596 1262 689 1323 dolor.

84 1361 197 1439 Lapsus
210 1359 308 1432 semol,
322 1360 356 1419 fit
368 1360 465 1439 culpa,
476 1360 504 1419 ni
518 1359 621 1420 iterum
634 1359 781 1420 cecideris.

86 1456 218 1518 Lascivia
233 1465 264 1516 at
277 1457 340 1531 lans
351 1477 500 1536 nunquam
515 1457 624 1519 habent
636 1457 830 1516 concordiam.

84 1553 174 1612 Laus
192 1573 265 1613 nova
278 1553 334 1614 nisi
348 1554 446 1626 oritur,
460 1549 547 1614 etiarn
561 1564 645 1614 vetus
659 1554 808 1614 amittitur.
843 1576 882 1614 ³4⁵

83 1650 200 1711 Lnonn
216 1669 324 1710 nocens
337 1660 459 1722 veretur,
473 1651 633 1710 Fortunam
647 1649 795 1710 innocens.

83 1748 195 1826 Legem
206 1747 279 1808 solet
291 1747 453 1808 oblivisoier
467 1747 631 1808 Iracundia.

83 1844 167 1904 Levis
180 1845 381 1914 est.Fortuna;
404 1844 462 1904 cito
476 1845 610 1924 reposcit,
624 1845 702 1923 quod
715 1844 807 1906 dedit.

84 1943 145 2002 Lex
159 1942 239 2002 videt
251 1942 366 2014 iratum,
381 1942 470 2002 iratus
484 1942 577 2020 legam
591 1962 649 2001 non
664 1942 752 2002 videt.

83 2041 154 2100 Lnx
170 2039 293 2100 universi
306 2049 361 2112 est,
376 2059 442 2117 quoa
453 2037 539 2118 jubet
554 2039 633 2100 nasci
648 2050 678 2099 et
691 2039 773 2099 mori.
843 2063 882 2100 :no

84 2136 187 2195 Libido
200 2146 322 2196 cunctos
335 2135 423 2196 etiam
435 2136 490 2194 sub
502 2135 584 2194 vultu
597 2136 707 2197 domat.

85 2233 207 2305 Libido.
216 2252 273 2294 non
284 2233 429 2313 judicium
442 2242 497 2305 est,
511 2232 590 2313 quod
604 2233 706 2294 levitas
720 2233 804 2314 sapit.

85 2330 247 2391 Licentiam
260 2331 313 2390 des
328 2330 448 2409 linguae,
462 2350 529 2391 oum
542 2350 641 2390 verum
654 2341 745 2411 petas.

86 2424 169 2486 locis
183 2425 297 2484 remotis
312 2423 362 2504 qui
373 2423 457 2499 latet,
472 2423 519 2484 lex
534 2434 578 2483 est
592 2424 656 2485 sibi.
687 2431 689 2434 ’

87 2523 165 2582 Loco
179 2521 345 2600 ignominiae
359 2531 403 2580 est
416 2520 495 2598 apud
510 2520 661 2598 indignum
676 2520 812 2598 dignitas.
844 2541 882 2583 ³⁵5

86 2619 290 2698 longinquum
305 2627 349 2677 est
362 2636 448 2688 omne
461 2616 540 2697 quod
553 2616 696 2700 cupiditas
709 2616 831 2695 flagitat.

87 2717 212 2775 Lucrum
226 2715 287 2776 sine
298 2715 405 2776 damno
421 2709 610 2778 altoriusfieri
624 2733 681 2774 non
696 2725 800 2794 potest.

88 2813 178 2891 Mage
191 2812 268 2872 fidus
277 2812 375 2874 ‚haeres
389 2811 518 2872 nascitur
530 2831 617 2891 quam
632 2811 775 2874 scribitur.

87 2911 178 2989 Maga
189 2909 267 2972 ,valet
281 2909 332 2989 qui
344 2908 447 2981 nescit,
461 2908 611 2968 calamitas
624 2908 696 2988 quid
710 2909 795 2974 valet.

89 3008 231 3086 Magnam
245 3007 392 3066 fortunam
402 3025 525 3084 magnus
537 3006 625 3067 etiam
639 3005 753 3072 animus
767 3006 859 3068 decet.

88 3104 280 3183 Magnanimo
296 3103 408 3184 injuriae
422 3103 580 3174 remedium
595 3112 639 3164 ast
651 3103 768 3165 oblivio.

88 3201 231 3281 Magnum
246 3200 352 3262 crimen
368 3220 466 3260 secum
480 3199 573 3266 adfert
587 3200 762 3281 Indignatio.
