2298 3684
242 209 280 265 tu
502 227 658 267 ressais
673 227 778 268 sorra.

241 355 292 414 Sic
305 362 338 412 tn
351 353 408 413 nisi
421 365 523 414 nutum
538 365 636 414 mum
649 355 764 415 assidue
778 356 893 427 retines,

242 453 376 530 Iu'jusqn
388 453 538 530 ingenium
550 453 716 532 comprimis
729 453 893 527 clementia,

250 548 321 607 Vide
335 569 372 608 ne
385 549 504 627 querela
517 550 609 628 major
622 561 768 610 accrescat
782 552 917 611 domus.”
1004 565 1049 610 sos

283 646 437 706 Atrocitati
449 647 643 706 mansuetudo
655 659 701 707 est
714 649 882 710 remedium.

305 744 671 821 X11.-Plttos0ptmr
687 748 786 806 Victor
802 748 974 824 Gymnicus.

243 839 420 898 Vrcroanu
434 841 507 900 forte
522 842 649 920 gymnici
664 843 828 902 certaminis

242 937 450 998 lactantiorem
464 959 555 1016 quum
570 939 686 999 vidisset
701 940 906 1020 Philosophus,

243 1033 433 1112 Interrogavit
446 1055 483 1094 an
498 1037 564 1114 plus
574 1037 756 1097 adversarius

243 1132 321 1190 Suus
334 1131 480 1192 valuisset.
522 1135 576 1193 llle
589 1141 610 1170 ‘⁸
626 1135 673 1194 Ne
687 1134 763 1194 istud
779 1134 896 1206 dixeris,
1002 1149 1047 1198 tro

244 1229 340 1288 Multo
355 1229 435 1288 inere
447 1230 520 1289 sires
533 1231 657 1309 majores
671 1233 775 1292 mese.”

242 1335 262 1359 “
278 1324 397 1396 Quod,”
410 1327 514 1406 inquit,
528 1335 549 1361 “
562 1347 642 1405 ergo,
657 1328 757 1399 stulte,
769 1329 898 1388 meruisti
912 1328 1013 1400 decus,

244 1422 345 1481 Minus
357 1423 501 1484 valentem
516 1425 539 1483 si
553 1425 645 1484 vicisti
659 1425 768 1485 fortior.

242 1521 390 1580 Ferendus
403 1541 481 1582 esses
496 1521 580 1595 forte,
590 1523 615 1581 si
627 1533 657 1582 te
670 1521 779 1581 diceres

242 1617 411 1698 Superdsse,
424 1620 475 1699 qni
486 1618 587 1678 fuisset
600 1619 701 1680 melior
713 1621 852 1680 viribus.”
1000 1635 1042 1683 trs

418 1718 449 1775 X
452 1718 487 1774 II
488 1718 665 1777 I.-Asinus
679 1718 721 1776 od
733 1719 856 1794 Lyram.

239 1815 362 1872 Asinus
373 1812 520 1892 jacentem
534 1813 605 1872 vidit
619 1814 649 1872 in
662 1824 746 1892 prato
762 1814 883 1892 Lyram:
912 1805 920 1816 ’
1034 1829 1038 1840 ’

241 1911 374 1970 Accessit
387 1921 416 1970 et
427 1911 550 1970 tentavit
562 1910 686 1971 chordas
700 1912 829 1988 ungula:

242 2008 373 2068 Sonuere
387 2017 485 2068 taetre.
527 2016 547 2042 ‘⁴
564 2009 647 2068 Bella
660 2028 715 2081 res,
730 2007 917 2080 mehercules,

243 2104 323 2164 Male
336 2106 451 2177 cessit‚”
465 2106 516 2178 ait,
532 2112 552 2140 “
568 2106 638 2165 anis
651 2107 720 2184 quia
734 2126 797 2165 sum
813 2104 937 2166 nescius.

242 2201 274 2260 Si
289 2201 439 2281 reperisset
453 2202 558 2280 aliquis
570 2203 647 2262 hanc
661 2202 842 2282 prudentior.
1004 2225 1044 2263 reo

242 2299 355 2359 Divinis
369 2319 452 2358 aures
466 2299 640 2358 oblectasset
653 2300 818 2363 cantibus.”

281 2397 331 2457 Sic
345 2417 423 2475 srepe
437 2397 553 2474 ingenia
565 2397 730 2457 calamitate
744 2397 929 2457 intercidunt.

391 2497 442 2555 XI
448 2496 640 2554 V.-Mulier
653 2497 742 2554 uidam
755 2506 786 2554 et
800 2497 902 2555 Miles.

242 2593 312 2652 Pnn
328 2593 440 2672 aliquot
452 2613 544 2652 annos
558 2593 694 2672 quaedam
708 2593 848 2653 dilectum
860 2593 952 2652 virum

241 2691 356 2763 Amisit,
370 2701 399 2750 et
412 2691 591 2770 sarcophago
604 2709 708 2769 corpus
721 2690 868 2762 condidit;

240 2789 267 2845 A
281 2807 339 2867 quo
353 2788 448 2848 revelli
463 2789 543 2849 nullo
557 2784 647 2866 quum
660 2798 757 2866 posset
771 2787 868 2860 modo,
999 2807 1036 2846 iss

241 2882 279 2941 Et
294 2883 323 2941 in
337 2883 488 2963 sepulchro
502 2885 604 2963 lugens
618 2885 706 2944 vitam
720 2885 848 2963 degeret,

241 2980 358 3039 Claram
373 2992 506 3040 assecuta
520 2991 565 3041 est
578 2982 685 3041 lamam
701 2992 791 3041 csstoe
804 2981 931 3060 virginis.
1031 3001 1035 3010 ·

214 3087 216 3094 ’
242 3077 356 3138 Interea
369 3076 469 3136 fanum
484 3078 535 3156 qui
551 3077 743 3157 compilirant
757 3078 850 3150 lovis,

240 3173 327 3234 Cruci
341 3175 437 3234 suffixi
450 3195 486 3235 ne
500 3175 565 3254 quis
580 3187 677 3256 posset
691 3175 810 3244 tollere;
