2298 3684
370 236 525 280 russata
542 237 648 280 uova.
868 222 906 278 8⁷

103 363 169 423 Sed
184 363 381 430 exstillescant
393 365 470 424 oculi
484 365 556 436 sic,”
571 365 675 444 inquit,
690 372 710 398 “
727 365 795 437 mei,
871 387 909 425 ras

105 463 220 540 (Turpe
235 460 306 520 illud
321 464 442 521 imitans
456 465 482 522 is
495 465 574 542 quod
587 472 656 522 ante
663 465 796 540 fecerat,
798 469 815 540 )

106 558 174 616 Nisi
187 569 218 618 tu
233 559 378 618 abstulisti
392 579 407 616 e
420 563 545 618 sarcinis
558 581 625 636 opes
640 560 751 620 meas.”

266 657 438 728 X.-Juao‚
460 659 554 717 Venus
567 667 598 716 cl
616 658 754 720 Gallina.

106 753 215 820 Quuu
228 753 393 812 castitatem
404 753 487 812 luno
501 753 632 812 laudaret
645 773 739 826 suam,

105 849 310 910 Jaeauditatis
324 869 442 910 causam
457 869 515 910 non
529 851 634 928 repulit
648 851 767 912 Venus:

109 947 293 1025 Nullamque
308 959 340 1006 ut
354 947 510 1007 affirmaret
524 967 585 1006 esse
599 947 641 1006 illi
655 968 764 1026 parem,
873 971 911 1007 ua

109 1043 310 1122 Interrogisse
324 1043 365 1103 sie
380 1044 528 1104 Gallinam
539 1043 666 1104 dicitur:

107 1151 128 1176 ‘⁴
149 1145 220 1214 Die,
235 1142 330 1214 sudes,
342 1152 454 1221 quanto
468 1143 560 1221 possis
572 1142 674 1202 satiari,
683 1142 779 1214 cibo,”

109 1240 272 1316 Respondit
286 1238 354 1315 illa:
378 1247 397 1273 ‘⁶
414 1239 567 1318 Quidquid
581 1239 695 1299 dederis
709 1241 779 1300 satis
792 1239 863 1309 erit;

107 1337 171 1399 Sed
182 1347 216 1396 at
229 1336 374 1396 concedas
387 1337 511 1415 pedibus
525 1336 637 1415 aliquid
652 1338 809 1416 scalpere.''

111 1442 132 1468 “
150 1435 195 1492 Ne
209 1433 353 1512 scalpas,''
369 1434 473 1512 inquit,
484 1442 504 1468 ‘⁶
517 1434 587 1494 satis
601 1443 646 1493 est
660 1434 774 1493 modius
787 1433 910 1495 triticii’'

106 1538 127 1564 “
141 1530 243 1603 Plane,
253 1530 341 1590 immo
352 1531 472 1589 nimium
481 1541 535 1603 est,
544 1529 596 1590 sed
610 1530 743 1608 permitte
753 1532 910 1610 scalpere,''

108 1635 129 1662 ‘⁴
145 1628 192 1688 Ex
206 1637 278 1699 toto,
294 1627 416 1707 nequid
432 1626 556 1707 scalpas,
572 1627 642 1704 quid
657 1628 802 1688 desideras
813 1629 844 1687 i''

108 1727 184 1784 Tum
198 1727 325 1804 denique
339 1725 390 1784 illa
403 1725 481 1784 fassa
494 1735 538 1785 est
552 1736 663 1784 naturae
680 1727 809 1785 malum:

109 1832 131 1858 “
145 1824 225 1882 Licet
232 1823 365 1882 horreum
376 1822 446 1880 mihi
459 1832 566 1900 pateat,
576 1842 630 1900 ego
639 1822 770 1903 scalpam
783 1823 911 1883 tamen.'’

111 1920 220 1980 Risisse
231 1921 249 1979 J
254 1939 311 1978 uno
324 1919 431 1978 dicitur
444 1919 564 1978 Veneris
574 1920 654 1999 joco,
873 1941 912 1979 rso

113 2017 193 2086 Quia
205 2037 255 2097 per
268 2016 418 2076 Gallinam
432 2016 580 2076 denotavit
601 2016 743 2075 foemiuas.

243 2116 294 2173 XI
295 2115 476 2191 .-A⁴lsopas
490 2124 520 2173 et
538 2115 779 2192 Paterfamilias.

111 2213 390 2278 Pnrnnrnurnras
405 2231 513 2270 saevum
527 2211 653 2270 habebat
666 2211 777 2272 filium:

112 2310 169 2368 Hic
184 2329 200 2369 e
214 2319 371 2387 conspectu
385 2308 476 2387 patris
491 2327 582 2386 quum
597 2318 765 2380 recesserat,

113 2407 288 2466 Verberibus
302 2425 397 2465 servos
411 2405 557 2466 afficiebat
571 2405 711 2485 plurimis,

111 2504 151 2563 Et
162 2504 314 2563 exercebat
329 2503 468 2562 fervidam
482 2501 717 2562 adolescentiam.
873 2523 910 2562 15⁵

112 2604 237 2680 AEsopus
250 2621 318 2678 ergo
333 2611 429 2661 narrat
443 2601 499 2659 hoc
514 2599 636 2658 breviter
650 2598 711 2658 seui
725 2619 732 2660 :

110 2707 129 2734 “
146 2699 273 2768 Quidam
284 2700 412 2778 juvenco
427 2698 557 2757 vetulum
572 2696 752 2776 adjungebat
765 2697 886 2758 bovem:

111 2800 253 2877 iaqumu,
268 2796 413 2874 refugiens
428 2795 528 2874 impari
540 2795 618 2854 collo
628 2795 750 2874 jugum,

110 2895 215 2954 AEtatis
227 2903 379 2954 excusaret
393 2893 465 2952 vires
480 2892 633 2970 languidas
647 2912 655 2950 :

113 3001 121 3028 ⁴
139 2992 206 3051 Non
220 2990 356 3068 estquod
371 2991 492 3061 timeas:
507 2989 601 3068 iuquit
616 2988 657 3048 illi
670 2987 811 3048 rusticus:
878 3003 916 3048 rto

113 3098 121 3124 ⁴
137 3090 205 3148 Non
221 3099 254 3146 ut
268 3089 384 3148 labores
397 3086 485 3159 iaci0,
500 3086 551 3145 sed
566 3097 600 3145 ut
614 3087 701 3144 istum
714 3085 824 3156 domes,

113 3189 173 3258 Qui
188 3188 270 3248 ealce
285 3196 315 3246 et
329 3205 420 3246 cornu
433 3183 542 3246 multos
556 3183 651 3244 reddit
664 3181 793 3242 debiles!
