2286 3696
234 187 282 244 28.
345 197 700 243 numerumnunerum
720 193 912 244 ns'orrsnum

424 331 625 406 Vs--AEscpus
637 341 667 389 et
682 321 848 410 Pernicies,¹

237 428 419 488 Successus
433 416 471 487 sd
484 425 637 505 perniciem
650 428 756 486 multos
769 413 898 487 derocut'⁸
979 433 981 445 '
1009 505 1016 514 ⁸

238 525 345 604 AEsupo
358 524 476 602 quidem
489 524 629 583 Petulans
642 524 768 604 lapidem
782 514 938 604 impegerat
949 546 956 593 ;

239 627 259 655 ‘⁴
268 621 662 699 Tauto‚'’inquit,“melior.”
676 620 778 680 Assem
784 621 933 681 deindeilli
941 621 1038 694 dedis,

241 719 289 777 Sic
304 727 511 797 prosequutus:
533 723 552 752 “
563 716 640 792 ,Plus
654 735 711 776 non
725 716 818 777 habeo
831 705 1004 790 mehercule,

241 815 300 874 Sed
313 815 390 874 unde
405 811 532 894 accipere
547 815 649 894 possis,
663 811 827 874 monstrabo
840 815 903 875 tibi.
995 833 1041 876 uss
1137 837 1138 844 ¹

242 911 330 971 Venit
342 930 410 972 ecce
423 911 512 985 dives,
527 921 557 970 et
570 920 688 990 potens:
710 911 778 970 huic
792 912 921 972 similiter
970 930 972 939 ⁴
1023 897 1039 949 '-

242 1009 375 1087 Impinge
387 1008 524 1086 lapidem,
537 1017 567 1068 et
580 1009 701 1086 digmum
714 1008 836 1088 accipies
854 993 1039 1086 praemiumf'

243 1104 402 1166 Persuasus
413 1104 462 1164 ille
477 1104 546 1166 iecit
559 1104 638 1182 quod
651 1097 777 1163 monitus
790 1104 862 1164 suit:
1039 1089 1042 1094 ¹

243 1202 302 1263 Sed
315 1221 380 1281 spes
393 1200 496 1261 fefellit
508 1199 704 1280 impudeniem
719 1201 880 1276 audacium,

245 1281 475 1377 Compreheusus
488 1317 612 1374 nemque
626 1317 726 1376 poenes
739 1295 872 1376 persolvit
884 1283 981 1358 crucess
999 1314 1042 1358 660

465 1395 666 1454 VL—Musca
680 1404 710 1453 et
724 1395 824 1453 Mula.
985 1383 987 1390 ’

248 1491 363 1552 Muses
376 1491 406 1550 iu
420 1501 535 1550 temone
549 1491 633 1564 sedit,
648 1501 677 1550 et
692 1489 805 1550 Mul'er'u
819 1491 969 1570 increpans

246 1598 266 1624 “
282 1589 378 1657 Quam
391 1588 476 1649 tarda
487 1589 557 1649 esT’
577 1587 688 1666 inquit:
710 1595 730 1623 “
745 1607 804 1646 non
818 1587 860 1646 vis
874 1587 959 1648 citius
972 1577 1040 1667 pro-¹

368 1685 468 1765 gredi?
867 1677 870 1686 ’

249 1784 323 1844 Vide
335 1803 372 1844 ne
386 1783 489 1844 dolone
500 1781 608 1842 collum
621 1800 814 1860 compungam
829 1781 908 1842 tibi.’'

250 1879 411 1960 Respondit
424 1879 491 1939 ille:
513 1885 532 1914 “
548 1879 650 1940 Verbis
664 1897 721 1938 non
736 1869 850 1938 moveor
862 1880 929 1952 tuis,

251 1976 310 2038 Sed
326 1976 411 2035 istum
425 1975 522 2043 timeo,
536 1975 607 2036 sellu
620 1975 670 2052 qui
684 1975 776 2054 prima
788 1975 892 2036 sedens
1003 1992 1044 2037 cus

244 2075 360 2151 ⁴Jugum
374 2072 488 2150 flagello
501 2081 641 2150 temperet
654 2071 736 2130 lentu'
745 2067 852 2147 meum,
1017 2059 1021 2066 ’

252 2169 292 2229 Et
305 2169 365 2228 iore
378 2168 466 2228 frenis
479 2170 607 2229 continet
620 2169 828 2249 spumantibus.

252 2266 434 2346 Quepmpter
446 2265 525 2325 aufer
538 2264 668 2324 frivulam
681 2265 862 2325 insolentiam
873 2288 882 2334 ;

254 2363 331 2424 Nam
345 2364 394 2422 ubi
406 2361 585 2441 suigandum
597 2372 651 2434 est,
666 2372 696 2422 et
709 2362 759 2422 ubi
773 2364 944 2423 currendum
957 2363 1042 2424 scio.'’

295 2461 359 2521 Huc
373 2459 492 2520 derideri
506 2459 606 2518 sabula
617 2458 717 2518 merito
731 2469 837 2538 potest,
1005 2477 1044 2520 uo

255 2558 314 2626 Qui
328 2557 389 2618 sine
402 2557 507 2617 virtute
521 2575 609 2616 vanas
622 2566 737 2615 exercet
747 2553 852 2616 ruinas.

464 2655 508 2712 VI
509 2655 527 2712 I
527 2652 671 2714 .--Cdnis
684 2663 714 2712 et
728 2655 837 2730 Lupus.

254 2752 357 2821 Quum
371 2751 458 2810 dulce
471 2751 508 2808 sit
520 2749 636 2808 libertas
648 2749 768 2808 breviter
780 2749 944 2829 proloquar.

297 2847 371 2908 Cani
383 2856 517 2926 perpasto
530 2845 622 2906 macie
634 2845 784 2905 confectus
798 2847 896 2926 Lupus

258 2946 343 3007 Forte
355 2943 487 3004 occurrit.
529 2942 693 3003 salutantes
707 2942 774 3002 dein
787 2943 909 3003 invicem

259 3045 300 3104 Ut
312 3041 492 3102 restitemnt:
514 3046 533 3074 ‘⁴
550 3039 635 3098 Unde
647 3039 698 3110 sic,
713 3059 824 3118 quaesc,
839 3039 924 3112 nites,
1010 3055 1044 3105 rer

315 3153 346 3187 ⁶⁶²
363 3155 462 3220 Dodone]
474 3151 629 3206 aculem-⁶⁷³
646 3153 766 3218 Perpessi]
777 3153 794 3204 i.
806 3170 827 3204 e.
839 3155 898 3204 berre
909 3161 984 3220 peste.
