2298 3684
253 235 295 294 94
515 251 670 295 assensn
685 249 791 296 novat

253 380 393 450 Quamvis
407 380 524 461 indigne
537 381 627 451 iaesa;
650 388 671 417 ‘⁴
688 383 828 444 Reticebo
842 394 953 459 umen,

254 479 314 540 Sed
328 500 373 540 res
385 480 524 540 clamabit
534 481 597 560 ipsa
611 480 682 559 quid
697 481 881 560 deliqueris.”
964 531 966 538 Α

416 577 499 636 XXI
505 577 705 655 V.-Serpeas
715 589 745 637 et
759 580 897 639 Lacerta.

252 673 407 734 Seuerus
423 674 573 733 Lacertam
588 674 662 734 forte
677 675 825 735 adversam
839 677 1010 754 prenderat:

252 772 348 839 Quam
365 771 501 830 devorare
514 771 617 850 patula
631 791 721 851 quum
737 773 823 832 vellet
836 773 916 851 gule,

252 867 381 947 Arripuit
392 867 442 927 illa
454 887 545 948 prope
555 869 703 947 jacentem
719 869 876 941 surculum,
1014 893 1056 930 eso

253 965 293 1025 Et
307 965 447 1046 pertinaci
462 985 557 1025 morsu
570 976 764 1025 transversum
779 977 891 1040 tenens,

252 1062 377 1122 Avidum
393 1061 489 1122 solerti
504 1064 607 1122 rictum
622 1063 744 1123 frenavit
756 1083 847 1124 more.

293 1159 428 1219 Praedam
442 1159 551 1219 dimisit
563 1178 611 1219 ore
626 1162 752 1240 Serpens
767 1159 887 1220 irritam.

454 1257 517 1315 XX
523 1256 707 1316 V.--Oaraia
721 1267 751 1316 et
767 1257 847 1316 Ovis.

252 1351 374 1411 Dorosn
389 1352 497 1411 Cornix
511 1373 598 1432 super
612 1354 704 1413 Ovem
718 1353 899 1425 consederat,

251 1449 349 1516 Quem
363 1449 448 1509 dorso
462 1469 552 1527 quum
568 1449 680 1510 tulisset
693 1452 781 1510 invita
794 1462 823 1509 et
837 1450 898 1522 diu,
1012 1473 1054 1514 sss

225 1574 228 1580 Δ
251 1552 270 1580 “
289 1545 354 1618 ld,”
368 1549 475 1626 iuquit,
489 1553 509 1582 “
526 1547 550 1604 si
563 1549 685 1606 &atate
699 1547 816 1607 fecisses
830 1547 908 1618 cani,

251 1641 358 1703 Poenas
370 1643 528 1704 dedisses.”
571 1644 625 1704 illa
636 1654 737 1703 contra
751 1643 896 1723 pessima:

252 1747 271 1774 “
289 1740 427 1819 Despicio
441 1743 575 1813 inermes,
591 1741 692 1800 eadem
707 1741 780 1800 cedo
795 1741 928 1814 sortibus,

249 1837 317 1897 Scio
330 1838 578 1916 quemleoessem,
593 1840 641 1898 cui
652 1837 753 1897 dolosa
766 1837 908 1897 blandiar.

250 1935 320 1994 ideo
335 1934 406 1993 milri
422 1944 568 1994 senectam
583 1936 615 1994 iu
629 1953 720 1995 annos
736 1935 891 2015 prorogo.”¹
1010 1957 1050 1996 su

413 2033 474 2090 XX
480 2033 524 2091 VI
525 2032 682 2091 .-Serous
697 2041 727 2090 et
742 2033 898 2090 Dominus.

249 2128 352 2195 Quum
368 2128 473 2188 Servus
487 2138 629 2189 secretam
643 2131 809 2188 admisisset
823 2131 950 2202 noriam,

248 2225 374 2284 Uxorem
390 2225 509 2283 Domini
521 2229 602 2304 quod
612 2225 786 2305 corrupisset
801 2226 845 2284 sui

248 2322 340 2401 idque
351 2320 514 2390 illesciret3
537 2342 635 2381 caram
646 2322 900 2382 circumstantibus
915 2322 1046 2403 [plecest

248 2427 267 2453 “
285 2419 388 2480 Places
400 2419 452 2478 tibi
462 2420 493 2478 i”
514 2419 609 2498 inquit
641 2427 661 2455 “
676 2422 859 2498 Numquam
873 2440 930 2478 non
944 2421 1047 2492 debes,
1105 2467 1109 2472 -

248 2516 307 2576 Sed
322 2536 379 2578 uon
394 2517 522 2596 impune,
534 2519 614 2595 quia,
626 2537 715 2595 quum
730 2517 828 2589 debes,
843 2536 900 2576 non
916 2516 1051 2597 places'*

393 2616 456 2673 XX
463 2615 674 2691 VII.-Lepus
688 2622 718 2672 et
734 2614 895 2672 Bubulcus.

251 2711 347 2778 Quum
361 2722 526 2771 venatorem
540 2711 624 2770 celeri
639 2709 712 2789 pede
727 2710 840 2788 fugeret
856 2711 960 2790 Lepus,

248 2808 286 2866 Et
299 2827 317 2867 a
331 2807 464 2867 Bubulco
472 2808 549 2867 visas
563 2826 678 2885 veprem
694 2807 849 2884 irreperet:

247 2912 270 2945 (Α
284 2903 340 2963 Per
354 2905 483 2984 Superos
494 2924 558 2975 oro,
571 2923 679 2983 perque
693 2923 759 2982 spes
772 2922 873 2962 omnes
887 2910 952 2961 tuas

248 3001 293 3061 Ne
307 3021 353 3060 me
368 3000 490 3073 indices,
502 2999 653 3064 Bubulce:
675 2999 745 3059 nihii
760 3019 889 3084 unquam
903 2996 972 3056 maii

247 3097 324 3158 Huic
339 3117 410 3176 agra
422 3097 511 3163 feci?
550 3097 709 3162 Rusticus:
730 3104 748 3130 “
767 3096 817 3159 Ne
827 3095 973 3155 timueris:
1006 3115 1046 3154 ssa

275 3233 317 3297 ³³⁴]
335 3235 399 3285 Vide
411 3235 522 3302 Append.
534 3236 594 3285 Feb.
606 3234 796 3303 xxm—³⁸⁴]
816 3232 946 3284 Antithesis
960 3231 1048 3299 paullo

243 3312 370 3370 obscurior,
383 3313 485 3362 Phaedro
496 3313 574 3362 aliena
584 3320 607 3363 et
617 3311 723 3377 indigna
