2298 3684
246 195 284 256 58
358 213 494 254 surmont
512 215 720 256 rsuuusuou
736 217 936 259 msorrnuuu

246 341 443 403 Periculosum
458 363 570 422 semper
585 344 671 404 vitavi
685 345 807 405 lucrum.

246 438 304 500 Sed
320 439 414 500 diois:
438 440 497 508 Qui
512 461 631 520 rapuere
645 442 770 509 divitias.
786 444 904 504 hubent.

248 536 439 598 Numeremus
453 537 590 616 agedum,
602 541 652 616 qui
664 539 799 618 deprensi
813 542 960 619 perierunt
973 563 982 610 ς
993 565 1048 601 uss

250 633 391 714 Majoretu
406 637 520 696 turbam
534 636 700 714 punitorum
715 637 846 717 reperies.

250 731 361 794 Paucis
374 731 520 794 temeritas
533 743 577 792 est
590 733 678 805 bono,
694 734 793 793 multis
807 735 896 796 malo.

453 831 638 892 V.-Scurra
652 841 682 890 et
696 834 850 892 Rusticus.

252 925 367 988 Puuvo
383 927 479 988 lavore
492 927 550 987 lobi
565 928 700 987 mortales
715 929 819 1000 solent,

252 1023 290 1084 Et
306 1043 357 1104 pro
368 1023 480 1104 judicio
494 1024 564 1084 dum
578 1035 656 1084 stant
670 1025 770 1084 erroris
783 1026 839 1098 sui,

250 1121 297 1182 Ad
313 1119 511 1202 poenitendum
525 1124 611 1182 rebus
625 1123 785 1182 manifestis
795 1123 854 1200 agi.
1000 1145 1056 1182 ruo

292 1217 435 1278 Facturus
450 1217 535 1278 ludos
548 1219 669 1299 quidam
682 1219 762 1278 dives
776 1219 898 1292 nobiles,

252 1315 402 1396 Proposito
417 1325 538 1376 cunctos
552 1316 682 1376 invitavit
695 1317 824 1395 proemio,
918 1337 920 1343 ·

252 1412 349 1480 Quam
363 1414 485 1492 quisque
499 1424 606 1492 posset,
621 1423 655 1473 ut
666 1414 825 1473 novitatem
838 1414 1016 1474 ostenderet.

252 1510 362 1570 Venere
373 1511 496 1572 artifices
509 1511 604 1571 laudis'
616 1511 846 1580 adoeimmiua:

253 1608 335 1676 Quos
349 1608 422 1668 iuter
435 1608 545 1668 Scurra
560 1617 646 1668 notus
660 1610 770 1668 urbano
783 1607 853 1682 sale,
1003 1631 1058 1670 rus

256 1705 370 1766 Habere
384 1705 459 1765 dixit
473 1725 503 1766 se
518 1725 609 1784 genus
619 1705 789 1784 spectaculi,
840 1719 842 1728 ¹

254 1803 341 1872 Quod
357 1803 384 1862 in
399 1803 512 1863 theatro
525 1823 674 1883 nunquam
689 1803 833 1882 prolatum
847 1804 931 1864 foret.

256 1900 410 1980 Dispersus
424 1920 521 1960 rumor
535 1900 681 1960 civitatem
695 1901 845 1969 concitot;

256 1997 348 2057 Paulo
362 2007 431 2058 onte
442 2017 537 2058 vacua
551 1999 666 2057 turbam
678 1996 820 2058 deficiunt
834 1999 907 2058 locu.

257 2094 291 2152 In
305 2113 391 2154 scena
405 2113 471 2154 uero
485 2104 639 2173 postquam
655 2095 734 2153 solus
746 2095 887 2166 constitit,
1005 2117 1061 2154 ruso

260 2189 330 2249 Sine
346 2202 496 2270 apparatu,
511 2191 598 2251 nullis
613 2190 807 2271 adjutoribus,

260 2287 414 2348 Silentium
430 2288 493 2367 ipsa
507 2288 575 2348 lecit
589 2288 779 2367 exspectatio.

258 2383 312 2444 llle
325 2385 354 2443 in
373 2385 468 2444 sinum
482 2384 728 2465 repente'demisit
743 2393 843 2463 caput,

259 2482 298 2542 Et
312 2481 353 2542 sic
368 2481 485 2561 porcelli
498 2501 598 2542 vocem
612 2494 656 2544 est
668 2482 798 2541 imitatus
812 2501 875 2553 sua,

258 2578 368 2641 Verum
381 2591 415 2639 ut
426 2581 544 2640 subesse
559 2579 647 2659 pallio
660 2579 879 2650 contenderent,
1010 2601 1063 2639 uus

260 2675 300 2735 Et
311 2678 408 2736 excuti
418 2677 577 2757 juberent:
600 2695 658 2755 quo
673 2676 763 2746 facto,
778 2676 864 2734 simul

262 2773 342 2832 Nihil
355 2785 398 2833 est
411 2784 565 2853 repertum,
579 2774 676 2833 multis
689 2783 811 2832 onerant
823 2771 969 2845 laudibus,
1021 2807 1025 2814 ·

264 2869 477 2949 Hominemque
492 2871 594 2950 plausu
609 2881 821 2952 prosequuntur
832 2870 970 2933 maximo.

264 2969 329 3030 Hoc
344 2967 416 3028 vidit
431 2967 491 3027 fieri
507 2969 664 3036 Rusticus;
688 2976 707 3004 ‘⁶
721 2968 787 3026 Non
801 2968 967 3027 mehercule

472 3163 510 3195 ¹⁴⁵³
525 3163 619 3226 Verum]
636 3164 684 3214 i.e.
695 3163 835 3229 porcellum.
