2298 3684
388 213 590 254 santarem.

92 343 239 403 Sacaaro
255 341 363 402 amicos
376 342 511 415 admom,
524 339 614 402 lauda
625 341 733 420 palam.

93 439 230 500 Secunda
243 440 272 500 in
287 449 456 520 paupertate
470 439 587 500 fortuna
597 448 643 502 est
654 438 739 500 fides.

92 536 246 596 Secundus
259 546 304 596 ast
316 556 334 597 a
348 545 439 596 matre
451 535 570 598 nutricis
582 536 675 597 dolor.

91 634 130 693 Se
144 633 265 694 damnat
274 633 378 714 judex,
394 633 577 694 innocentem
589 633 641 712 qui
654 632 799 714 opprimit.
849 650 890 700 ooo

91 729 203 790 Seditio
216 731 335 805 civium,
350 731 475 790 hostium
489 739 534 790 est
548 731 673 791 occasio.

91 827 214 906 Semper
226 828 341 888 beatam
355 847 386 887 se
399 836 484 907 putat
496 827 670 906 benignitas.

89 924 365 1002 Semperoonsilium
372 924 540 997 tunedeest,
548 944 615 984 eum
620 942 695 1004 opus
700 935 744 986 est
751 926 887 986 maxime.

91 1020 214 1100 Semper
227 1021 385 1080 metuendo
398 1020 514 1100 sapiens
527 1021 617 1081 evitat
631 1021 750 1081 malum.

91 1118 213 1197 Semper
226 1118 424 1192 metuendum,
439 1119 577 1198 quicquid
594 1119 678 1179 irasci
691 1128 798 1199 potest.
851 1135 891 1187 aas

92 1216 215 1295 Semper
228 1216 294 1296 plus
307 1217 410 1277 metuit
422 1217 535 1290 animm
551 1217 681 1296 ignotum
694 1217 814 1279 malum.

92 1314 215 1392 Semper
227 1314 371 1375 redundat
384 1314 445 1395 ipse
460 1314 489 1374 in
504 1325 636 1375 auctores
650 1315 745 1374 timor.

92 1411 213 1485 Sensus,
228 1431 286 1472 non
300 1422 383 1485 aetas,
398 1411 507 1472 invenit
520 1411 703 1490 sapientiam.

93 1507 133 1566 Se
146 1526 230 1587 posse
244 1509 310 1588 plus
323 1508 423 1581 iratus,
438 1528 527 1586 quam
538 1508 638 1588 possit,
652 1516 748 1587 putat.

92 1605 165 1664 Sero
179 1605 209 1663 in
223 1605 336 1685 periclis
348 1614 393 1666 est
405 1605 559 1665 consilium
573 1621 710 1683 quaerere.
849 1627 889 1669 roo

92 1702 166 1761 Sra'r
185 1702 248 1782 ipsa
261 1703 429 1782 improbitas
441 1701 520 1781 cogit
533 1702 593 1763 lieri
608 1701 752 1782 injuriam.

92 1799 169 1861 Srar
181 1800 241 1879 ipse
255 1801 306 1861 dat
320 1799 506 1880 supplicium,
520 1819 608 1878 quem
622 1798 741 1859 admissi
755 1798 855 1879 pudet.

94 1897 157 1956 Sibi
168 1898 291 1977 primum
306 1896 444 1958 auxilium
459 1897 567 1976 eripere
580 1907 625 1957 est
637 1896 717 1976 leges
729 1897 839 1957 tollere.

93 1994 126 2052 Si
141 1993 181 2052 nil
195 1994 266 2054 velis
280 1994 391 2068 timere,
405 2003 517 2054 metuas
531 1993 639 2056 omnia.

93 2092 195 2154 Soeius
208 2093 241 2151 lit
255 2093 361 2172 culpae,
376 2092 426 2172 qui
440 2102 593 2152 nocentem
608 2092 749 2152 sublevat.
850 2114 889 2168 ros

94 2188 236 2249 Solatium
250 2190 360 2268 grande
372 2200 418 2249 est
430 2209 498 2249 cum
513 2189 644 2249 universo
657 2209 718 2250 una
730 2189 802 2270 rapi.

93 2287 195 2346 Souna
210 2307 272 2347 esse
285 2287 315 2346 in
328 2287 424 2346 dubiis
437 2305 489 2366 pro
501 2286 788 2348 oonsiliotemeritas.

93 2382 175 2443 Solet
187 2383 267 2455 hora,
281 2383 361 2462 quod
375 2383 459 2443 multi
473 2384 542 2444 anni
556 2381 736 2457 abstulerint,
749 2381 877 2442 reddere.

94 2479 177 2539 Solet
190 2480 272 2560 sequi
286 2480 360 2553 laus,
374 2500 441 2540 eum
455 2480 531 2541 viarn
545 2479 614 2539 lecit
628 2478 722 2538 labor.

94 2575 245 2636 Sordidius
258 2575 352 2636 multo
366 2577 487 2637 vivimus
501 2595 591 2655 quam
604 2575 761 2635 nascimur.
852 2597 891 2639 no

94 2674 168 2752 Spes
182 2684 225 2734 est
238 2673 349 2746 salutis,
363 2673 413 2733 ubi
426 2673 573 2734 bominem
585 2673 722 2753 objurgat
735 2671 838 2750 pudor.

92 2771 167 2849 Spes
181 2770 308 2850 inopem,
321 2789 366 2831 ras
379 2791 508 2842 avarum,
520 2789 598 2830 mors
612 2771 748 2828 miserum
762 2769 850 2830 levat.

92 2869 185 2948 Spina
198 2869 287 2929 etiam
299 2879 381 2949 grata
394 2880 438 2930 est
451 2889 488 2929 ex
502 2889 562 2948 qua
576 2877 722 2948 spectatur
735 2887 810 2928 rosa.

94 2967 226 3028 Stultitia
239 2975 283 3028 est
298 2967 429 3027 insectari
442 2986 529 3045 quern
543 2985 643 3026 omnes
656 2965 792 3044 diligunt.

92 3063 231 3124 Stultitiae
245 3075 356 3142 partem
370 3063 514 3127 interdum
528 3063 616 3123 habet
630 3062 762 3124 felicitas.
852 3081 892 3126 trs

94 3159 185 3221 Stulti
198 3161 300 3222 timent
312 3160 469 3234 sonabam,
484 3160 629 3241 sapientes
643 3161 750 3221 lerunt.
