2298 3684
246 207 283 266 68
575 219 708 264 rumoni

245 350 353 410 Cornix
368 361 401 410 ut
415 350 506 421 audit,
521 350 597 409 illico
612 359 712 409 monet
727 349 836 408 Gruem

245 447 307 506 Sibi
321 469 388 526 quae
402 447 486 506 cavit.
529 446 595 506 Alia
609 447 676 506 dein
688 445 735 505 die
748 446 868 505 audiens

246 545 355 604 Cornix
369 554 513 624 petentem
526 563 640 614 saxum,
653 563 751 601 rursus
765 553 931 602 commonet
992 561 1044 604 16⁸⁵
1124 569 1125 572 ¹

247 642 367 712 Gruem,
384 652 415 701 ut
429 641 551 701 vitarent
563 640 663 700 sedulo
676 640 845 719 periculum.

247 742 337 799 Auem
352 739 480 798 divinam
495 739 657 817 suspicatus
671 737 795 796 rusticus

246 837 353 896 Audire
361 837 454 917 jussa,
468 855 556 915 puero
571 843 591 870 “
608 836 663 894 Si”
677 835 772 914 inquit
785 841 804 869 “
819 835 918 895 dixero

247 942 255 968 ‘
273 934 371 993 Offam
384 934 443 1004 da,'
458 943 488 992 tu
503 933 573 991 mihi
587 933 662 991 clam
676 931 802 1010 lapidem
817 933 960 1011 porrige.”

247 1033 325 1091 Grus
338 1032 425 1100 venit,
440 1030 487 1090 ille
502 1050 622 1109 puerum
635 1029 723 1088 offam
733 1030 818 1109 jubet
831 1029 916 1098 dare;
992 1047 1045 1097 1690

247 1131 286 1188 At
301 1128 349 1187 ille
363 1127 500 1206 lapidem,
514 1146 572 1205 quo
587 1127 652 1186 ferit
665 1146 775 1205 gruem,
788 1126 879 1198 dedit,

248 1227 287 1284 Et
300 1245 382 1284 crura
397 1225 489 1302 fregit.
532 1223 707 1282 Vulneratus
719 1223 796 1282 Grus
810 1223 860 1296 ait,

248 1329 267 1356 “
286 1322 391 1380 Divina
404 1320 522 1391 Cornix,
538 1322 587 1378 ubi
601 1340 679 1379 nunc
692 1320 821 1399 auspicia
835 1321 907 1379 tua?

248 1420 308 1479 Cur
322 1439 380 1477 non
395 1438 509 1478 monere
524 1416 644 1488 socium,
660 1426 693 1475 ut
704 1417 861 1496 juraveras,

248 1515 421 1596 Properdsti,
436 1516 541 1574 talene
555 1515 625 1572 mihi
640 1514 748 1573 veniret
762 1514 871 1572 malum
880 1515 912 1572 ?'’
941 1559 943 1564 .
993 1529 1044 1581 1695

248 1613 410 1692 Respondit
424 1613 493 1672 illa:
517 1618 536 1646 “
554 1611 621 1669 Non
637 1621 760 1669 meretur
774 1631 820 1670 ars
833 1631 898 1671 mea

249 1710 378 1790 Culpari,
393 1709 444 1768 sed
457 1708 557 1767 dolosa
570 1717 638 1766 sunt
652 1707 823 1784 bilinguium

248 1808 387 1878 Consilia,
403 1806 452 1883 qui
468 1804 545 1864 aliud
562 1805 763 1882 dicunt-atque
778 1805 857 1864 aliud
871 1806 991 1883 agunt.”

290 1902 441 1970 Promissis
455 1902 567 1961 ducunt
581 1902 631 1980 qui
645 1901 790 1979 imperitos
805 1903 943 1976 subdolis,

250 2000 322 2059 Mox
336 2000 411 2058 fictis
423 1999 517 2058 causis
529 1998 608 2058 haud
622 1998 764 2057 desistunt
778 1999 886 2059 ludere.
994 2023 1044 2064 noo

449 2097 648 2155 XII.-Aues
659 2105 688 2154 et
702 2097 849 2156 Hirundo.

250 2198 336 2253 Avus
351 2192 380 2250 in
396 2213 485 2250 unum
500 2213 589 2270 quum
604 2192 769 2252 devenisent
782 2193 889 2267 locum,

250 2291 393 2349 Viderunt
406 2289 552 2349 hominem
566 2289 754 2349 seminantem
769 2290 859 2349 linum
874 2311 953 2368 agro,

252 2388 340 2457 Quod
355 2397 388 2446 ut
401 2405 452 2466 pro
466 2385 557 2445 nihilo
572 2385 676 2445 habere
692 2386 825 2446 Hirundo
839 2387 983 2466 intelligit,

251 2486 301 2545 sic
316 2494 488 2544 convocatas
502 2483 629 2542 allocuta
643 2483 783 2543 traditur:

252 2589 271 2616 “
290 2582 366 2640 Hinc
380 2581 462 2642 nobis
477 2581 566 2639 instat
580 2579 715 2639 omnibus
729 2581 898 2658 periculum,
996 2605 1045 2647 noo

252 2680 285 2738 Si
296 2698 393 2738 semen
408 2678 445 2737 ad
459 2677 653 2736 maturitatem
667 2677 805 2736 venerit.”

252 2776 329 2834 Aves
341 2775 435 2834 risere.
476 2774 628 2833 Germinat
642 2783 675 2832 ut
687 2794 753 2833 vero
765 2795 856 2853 seges,

254 2870 386 2929 Hirundo
398 2890 507 2941 rursus,
522 2877 542 2905 “
561 2871 654 2930 Instat
667 2871 835 2950 pernicies,'·'
851 2873 908 2941 ait;

253 2975 272 3003 “
288 2969 408 3040 Adeste,
422 2987 538 3046 germen
552 2988 684 3028 eruamus
698 2969 825 3043 noxium,

255 3067 311 3142 Ne,
327 3067 350 3124 si
365 3084 433 3124 mox
447 3074 567 3137 crescat,
581 3065 649 3124 inde
661 3065 734 3125 fiant
744 3066 825 3138 retia,
997 3092 1046 3135 ruo

255 3164 294 3232 Et
308 3181 359 3224 nos
373 3161 516 3251 possimus
531 3162 638 3224 artibus
652 3161 786 3222 humanis
798 3162 893 3242 capi.”
