2286 3696
241 188 281 248 26
353 205 488 246 rusum
504 205 712 248 recucurrit
727 205 922 247 ssorrssuu

241 333 375 396 Candore
388 343 457 400 nuto
470 333 574 394 reddes
583 332 737 414 judicium,
751 341 829 412 peto.

433 431 453 490 I
453 432 592 492 .-Arrus'
600 432 641 490 ad
653 431 842 506 Amphoram.

240 526 333 588 Astus
344 527 441 608 jecere
455 526 526 594 vidit
538 536 653 606 epotam
668 526 857 605 Amphcrum,

240 623 346 688 Adhuc
359 623 485 686 Falerna
495 624 579 698 isere,
593 635 624 684 et
636 633 711 684 testa
724 623 813 684 nobili

241 719 367 784 Odorem
382 738 456 800 quet.
459 721 623 802 jucundum
636 720 695 782 lete
708 732 854 799 spargeret
868 740 877 780 ε

242 819 329 879 Hunc
344 830 499 900 postquem
511 829 606 880 totum
619 819 707 880 traxit
721 818 812 880 aridis
825 819 962 882 neribus}

241 921 262 950 ‘⁴
278 914 305 975 Ο
319 917 413 976 suevis
427 916 533 997 enine,
546 915 632 995 quale
646 917 676 975 in
689 915 828 977 redicem
842 917 951 976 b‘cnum
998 931 1041 976 crs
1117 886 1119 980 i

241 1013 373 1074 Antehac
386 1013 484 1087 fuisse,
498 1014 570 1074 teies
585 1033 677 1094 quum
689 1014 748 1074 sint
758 1013 919 1094 reliquiae.”

245 1143 248 1150 ,
283 1109 348 1169 Hoc
362 1129 420 1189 quo
433 1109 583 1190 pertineat,
597 1110 676 1170 dicct
688 1109 739 1190 qui
751 1130 799 1171 me
813 1111 932 1171 noverit

410 1207 656 1269 lle-Panthera
669 1217 699 1267 et
713 1208 865 1290 Pasceris.

241 1303 348 1364 Socer
362 1323 380 1364 e
393 1303 535 1384 despectis
547 1323 600 1384 per
611 1303 709 1364 referri
721 1303 822 1386 gretie.
926 1315 928 1320 '
943 1379 947 1385 Ι

242 1398 390 1460 Panthera
401 1399 572 1480 imprudens.
578 1391 653 1462 oiim'
661 1401 691 1461 in
705 1400 816 1460 foveam
829 1400 955 1469 decidit:

233 1495 350 1558 Videre
364 1507 491 1576 agrestes
503 1517 512 1559 t
534 1497 583 1558 elii
596 1497 688 1558 fustes
698 1508 870 1576 congerunt,
999 1512 1042 1556 uro

242 1593 301 1653 Alii
314 1593 536 1668 ouermsaxis,
549 1594 668 1674 quidam
682 1599 783 1655 ccum
796 1594 923 1668 miseriti,

243 1687 382 1752 Periturae
397 1691 504 1773 quippe
516 1692 648 1771 quemvis
661 1710 746 1752 nemo
761 1691 888 1765 laederet,

243 1787 348 1849 Misere
362 1796 525 1870 peuermut
539 1788 692 1850 sustineret
705 1787 845 1868 spiritum.

207 1902 214 1921 ·
244 1883 310 1944 Nox
325 1885 478 1964 insequuta
491 1895 553 1954 est3
576 1885 685 1946 abeunt
698 1886 791 1966 securi
804 1885 933 1958 domuin,

191 2013 197 2022 -
243 1981 336 2050 Quasi
350 1982 490 2044 inventuri
504 1991 647 2044 mortuum
660 1983 809 2063 postridie.
1000 1995 1041 2041 trs

245 2078 283 2138 At
297 2079 346 2140 illu
358 2080 431 2142 vires
444 2091 478 2142 ut
491 2080 589 2141 reiecit
601 2079 764 2160 languidus,

242 2173 344 2236 Voloci
357 2176 432 2237 saltu
446 2178 528 2238 fores
541 2197 604 2238 sese
618 2176 731 2250 liberet,

242 2271 282 2332 Et
296 2273 325 2332 in
339 2274 433 2335 cubile
447 2275 561 2335 concito
573 2285 707 2354 properet
720 2273 822 2354 gradu.

243 2371 349 2432 Paucis
361 2371 463 2432 diebus
476 2371 648 2451 interpositis
661 2371 800 2452 provolat,

243 2467 337 2529 Pecus
349 2468 485 2540 trucidet,
499 2469 575 2549 ipsos
589 2479 719 2550 pastores
731 2477 828 2540 necat,
1002 2481 1044 2526 reo

242 2565 282 2626 Et
295 2576 401 2626 cuncta
414 2575 532 2626 restans
544 2565 628 2626 sterit
642 2566 714 2627 irato
728 2565 847 2646 impetu.

240 2662 314 2720 Turn
329 2662 383 2722 sibi
396 2663 540 2733 timentes,
554 2662 606 2742 qui
618 2663 686 2724 feroe
700 2669 897 2743 pepercerunt,

243 2758 391 2819 Damnum
405 2759 483 2820 haud
497 2770 643 2834 recusent,
655 2763 770 2820 tsuussi
783 2764 835 2839 pr'c
853 2758 912 2818 vitu
923 2765 1038 2837 rog-snt.

242 2855 362 2915 Atilia:
385 2864 404 2892 ‘⁴
421 2857 542 2918 Memini
555 2857 609 2936 qui
620 2877 667 2918 me
681 2877 752 2918 sexo
765 2856 908 2936 petierint,

241 2951 301 3021 Qui
316 2971 421 3031 penem
434 2953 581 3034 dederint3
603 2973 654 3014 vos
667 2955 766 3014 timere
780 2953 919 3026 absistite,
999 2965 1040 3011 trs

242 3047 304 3108 Illis
316 3058 439 3108 revertur
451 3049 553 3124 hostis,
565 3051 616 3129 qui
628 3070 674 3110 me
687 3037 850 3111 laessruust’

1114 746 1116 804 1

1116 816 1117 848 i
