2298 3684
344 255 498 298 PABELLAE
513 257 618 298 NOVAE·

78 385 234 456 Celebrate
248 386 309 444 sine
323 405 369 444 me
382 403 473 446 cursu·
482 386 632 446 solennem
646 381 745 445 diem:

80 481 149 562 Ego
161 503 221 556 quo
235 482 356 542 scelesta
370 483 444 542 luris
458 482 580 542 attraxit
593 502 706 554 manus,

81 581 128 640 lbi
141 592 216 640 sorte
227 580 300 648 tristi
314 580 375 640 fata
388 580 503 638 deflebo
517 581 612 639 mea.''

293 679 375 738 XXI
376 670 522 739 ‚aursus
536 679 674 736 esuriens.

81 775 120 833 S1
137 775 255 854 quando
265 774 295 832 in
308 773 385 833 silvis
400 793 465 833 urso
480 772 586 832 desunt
599 773 693 852 copia,
846 787 885 833 sos

82 871 278 952 Scopulosum
293 871 331 930 sd
345 871 427 930 littus
440 871 540 940 currit,
554 881 584 930 et
598 871 741 950 prendens
757 879 879 950 petram,

82 967 184 1028 Pilosa
195 989 279 1038 crure
293 969 397 1028 sensim
412 967 538 1028 demittit
550 967 626 1026 vado
638 987 646 1026 :

84 1067 217 1134 Quorum
231 1067 305 1125 inter
318 1066 400 1124 villos
414 1064 500 1124 simul
514 1065 662 1126 leserunt
674 1083 821 1140 censeres,

84 1164 120 1222 In
135 1145 239 1222 terrani
253 1163 389 1240 arripiens
400 1162 511 1223 excutit
523 1162 652 1240 praedam
666 1161 762 1234 maris,

86 1260 222 1340 Escaque
236 1259 340 1321 fruitur
353 1260 461 1338 passim
475 1260 597 1321 collecta
612 1259 700 1322 vafre.
845 1282 882 1318 ³10

85 1358 164 1436 Ergo
179 1358 264 1428 etiam
276 1358 371 1416 stultis
386 1359 464 1416 nouit
477 1359 624 1435 ingenium
639 1358 741 1417 fames.

270 1456 423 1513 XXII.-·-
430 1457 533 1514 Viator
543 1463 572 1513 et
591 1455 710 1513 Coruus.

88 1554 232 1621 Quinam
247 1573 298 1631 per
312 1572 395 1630 agros
409 1551 524 1611 devium
537 1569 659 1629 carpens
673 1553 739 1625 iter,

86 1659 95 1684 ‘
113 1651 183 1708 Ave'
198 1648 355 1720 exaudivit,
369 1658 399 1708 et
412 1659 539 1708 moratus
552 1647 725 1726 paullulum,

88 1748 198 1806 Adesse
212 1755 245 1805 ut
258 1746 329 1805 vidit
342 1746 497 1818 neminem,
510 1745 587 1824 cepit
599 1747 732 1824 gradum.

90 1847 198 1905 lterum
215 1843 333 1915 salutat,
348 1843 425 1902 idem
440 1863 476 1902 ex
491 1842 607 1902 occulto
621 1855 724 1912 sonat3
851 1855 890 1902 sr's

92 1944 172 2002 Voce
184 1941 320 2020 hospitali
334 1941 520 2000 continuatus
533 1940 646 2012 restitit,

92 2041 141 2111 Ut,
156 2039 287 2118 quisquis
301 2049 386 2110 esset,
403 2057 454 2116 par
462 2037 593 2097 officium
609 2038 755 2116 reciperet.

92 2137 202 2210 Quum,
216 2136 469 2214 circumspectans,
483 2153 575 2194 errore
588 2135 720 2194 haesisset
734 2134 795 2205 diu,

92 2235 131 2293 Et
144 2233 315 2313 perdidisset
328 2243 443 2312 tempus
458 2232 569 2312 aliquot
583 2232 716 2307 millium,

92 2331 228 2392 Ostendit
241 2350 302 2390 sese
316 2327 438 2400 Corvus,
453 2339 483 2388 et
497 2331 684 2409 supervolans
850 2335 892 2387 sso'

92 2438 99 2463 ‘
116 2431 186 2488 Ave'
201 2447 292 2505 usque
306 2428 434 2505 ingessit.
476 2421 550 2486 Tum
563 2449 593 2487 se
606 2426 702 2486 lusum
714 2426 889 2504 intelligens,

92 2533 111 2560 ‘⁴
124 2528 166 2588 At
179 2526 254 2584 orale
269 2524 320 2583 tibi
333 2525 401 2594 sit,”
417 2524 523 2602 inquit,
537 2535 555 2558 ‘⁴
573 2524 633 2582 ales
647 2523 780 2601 pessime,

94 2624 152 2691 Qui
165 2623 328 2682 festinantis
343 2622 383 2680 sic
397 2622 547 2681 detinuisti
562 2621 678 2699 pedes.”

256 2721 541 2778 Hillo—Pastor
555 2728 584 2777 et
603 2717 738 2794 Capella.

95 2819 221 2877 szron
235 2817 364 2896 Capellae
378 2835 467 2875 eomn
482 2815 588 2876 baculo
601 2816 734 2893 fregerat,

99 2914 213 2992 Rogare
228 2916 326 2994 coepit,
341 2934 377 2972 ne
391 2933 422 2973 se
438 2914 564 2973 Domino
579 2913 721 2992 proderet,
808 2939 810 2944 ·
856 2931 898 2969 ses·

128 3072 172 3137 ³⁰⁰]
194 3075 258 3125 Cave
274 3091 312 3132 ue,
323 3074 387 3140 quod
404 3075 498 3124 Gallius
510 3074 575 3132 dicit,
588 3081 655 3140 post‘
669 3071 788 3138 arripiens'
799 3087 820 3118 se
837 3085 893 3133 sup·

97 3154 177 3219 plens:
202 3165 303 3219 namque
327 3153 478 3219 'ar·ripiens,'
503 3167 570 3218 aeque
588 3150 762 3217 nufexcutitss
782 3147 894 3215 praedarn'

98 3241 166 3297 regn.
