2298 3684
283 207 339 266 112
586 223 785 266 sanrnnrrn.

281 353 425 415 Mantua
440 371 508 412 cum
523 351 585 412 sola
598 352 717 432 cogitat,
730 353 805 414 male
819 349 939 435 cogitat.

281 450 433 522 Matina,
448 470 516 527 quae
531 449 629 510 multis
644 451 737 524 nubit,
752 450 851 511 multis
866 471 921 511 non
939 453 1051 532 placet.

282 547 381 606 Multa
394 546 570 624 ignoscendo
585 547 619 606 fit
632 557 736 626 potens
750 547 904 628 potentior.

282 644 414 703 Mauris
429 643 565 715 minetur,
580 644 632 724 qui
646 644 695 704 nni
712 645 782 704 fecit
796 644 941 725 injuriam.
1049 670 1083 708 us

282 740 384 800 Multis
398 739 511 818 placere
525 761 592 819 qnae
606 725 698 821 cu'pit,
712 741 829 820 culpam
840 742 928 820 capit.

282 837 443 897 Multorum
457 837 623 899 calamitate
636 839 678 898 vir
692 837 812 898 moritur
825 840 927 898 honus.

281 935 379 995 Multa
394 945 461 994 ante
474 945 601 1016 tempus,
611 954 700 1016 quam
711 935 803 996 virum
815 936 944 995 invenias
958 937 1080 998 bonum.

281 1031 393 1091 Multos
406 1031 505 1093 timere
519 1032 618 1106 debet,
632 1052 720 1112 quem
734 1032 818 1092 multi
832 1033 945 1093 timent.

282 1129 453 1189 Muneribus
467 1148 526 1188 non
541 1129 665 1190 lacrimis
680 1130 813 1189 meretrix
826 1143 871 1190 est
883 1130 1056 1192 misericors.

282 1227 381 1286 Mutat
394 1246 425 1287 se
438 1227 563 1300 bonitas,
579 1227 689 1288 irritata
703 1227 816 1308 injurie.

281 1323 424 1384 Naturam
439 1323 602 1396 abscondit,
613 1343 680 1383 cum
693 1333 771 1384 recte
785 1325 931 1404 improbus
945 1324 1028 1386 facit.

282 1421 429 1482 Nacnssa
442 1431 487 1483 est
500 1421 607 1480 multos
620 1421 732 1494 timeat,
746 1442 833 1501 quem
849 1422 933 1481 multi
947 1423 1063 1483 timent.

282 1519 447 1580 Necessitas
461 1520 498 1578 ab
512 1517 628 1578 homine
642 1539 709 1598 quae
724 1520 787 1579 vult
799 1520 930 1599 imperat.

281 1616 446 1677 Necessitas
460 1615 513 1674 dat
526 1615 630 1694 legem,
642 1634 700 1675 non
715 1615 778 1695 ipsa
790 1616 906 1696 accipit.
1043 1639 1082 1676 ns

282 1713 448 1774 Necessitas
462 1722 594 1792 egentem
608 1713 778 1774 mendacem
793 1712 873 1772 facit.

281 1809 446 1870 Necessitas
459 1829 548 1888 quam
562 1809 693 1889 pertinax
708 1830 830 1888 regnum
844 1817 943 1871 tenet!

281 1907 446 1967 Necessitas
461 1906 540 1985 quod
554 1907 641 1978 celet,
655 1907 762 1966 frustra
774 1907 923 1987 quaeritur.

280 2003 457 2076 Necessitas,
471 2005 552 2084 qnod
567 2004 672 2084 poscit,
686 2003 742 2063 nisi
755 2004 818 2077 das,
834 2005 925 2084 eripit.

280 2101 490 2162 Necessitatem
504 2102 587 2174 serre,
602 2120 662 2160 non
676 2101 744 2161 flere
758 2101 891 2162 addecet.
1039 2125 1076 2162 aa

279 2197 451 2260 Necessitati
465 2198 616 2276 quodlibet
628 2197 718 2258 telum
733 2198 804 2258 utile
818 2208 870 2258 est.

268 2295 454 2376 „Necessitati
468 2295 584 2374 sapiens
598 2294 669 2354 nihil
683 2315 813 2375 unquam
827 2304 924 2373 negat.

279 2391 466 2453 Necessitatis
480 2401 525 2452 est
537 2392 696 2453 remedium
709 2393 845 2472 parcitas.
995 2395 1072 2472 [test.
1088 2447 1092 2460 ,

278 2489 344 2550 Nec
358 2499 479 2549 mortem
493 2487 620 2568 effugere
638 2489 796 2569 quisquam·
810 2508 863 2548 nec
882 2507 1009 2550 amorem
1022 2509 1071 2569 po·

279 2587 343 2646 Nec
357 2587 415 2646 vita
428 2606 482 2647 nec
496 2587 613 2646 fortuna
625 2586 789 2646 bominibus
803 2606 906 2666 perpes
918 2595 971 2645 est.
1035 2607 1074 2648 eso

279 2684 441 2746 Noenum
456 2704 545 2744 cansa
558 2703 643 2744 avaro
658 2702 808 2762 nunquam
821 2683 929 2743 deficit.

279 2780 395 2858 Negata
409 2790 453 2840 est
467 2780 580 2860 magnis
593 2780 747 2842 sceleribus
761 2799 873 2859 semper
886 2779 968 2839 fides.

277 2877 393 2937 Noenu
408 2877 462 2936 sibi
476 2878 547 2959 ipse,
563 2880 624 2959 qui,
638 2877 718 2958 quod
731 2878 850 2938 difficile
864 2887 919 2950 est,
933 2877 1014 2958 petit.

277 2975 388 3047 Narco,
403 2974 453 3052 qui
465 2975 553 3056 coepit
565 2994 602 3033 ex
614 2994 656 3048 se,
671 2975 758 3034 risum
771 2973 905 3054 praebuit.

278 3072 375 3132 Narro
388 3071 540 3133 immature
554 3071 684 3142 moritur,
698 3071 749 3150 qni
763 3071 883 3131 moritur
897 3070 991 3130 miser.
1036 3093 1074 3135 seo

277 3168 372 3232 Nemo
386 3170 426 3232 ita
440 3169 641 3249 pauperabit,
656 3188 744 3248 quam
758 3189 869 3250 pauper
881 3179 967 3228 natus
981 3178 1034 3228 est.
