2298 3684
258 215 299 272 90
517 233 679 277 ,suanus
695 233 797 278 sovm

259 361 334 426 Erat
347 371 503 442 acceptura
516 362 654 440 virginem
668 383 684 422 e
698 363 796 423 matris
810 364 884 435 sinu,

263 457 371 527 Paurm
386 457 483 539 amplu
497 460 527 517 in
542 461 611 519 urbe
625 460 686 519 visa
700 461 779 538 quod
794 461 888 521 fuerat
900 461 1016 520 domus.

262 555 376 636 Pompa
389 555 561 635 explicatur,
576 559 661 616 turba
675 559 822 617 concurrit
835 558 982 638 frequens,

263 652 302 712 Et
316 653 499 734 conjugalem
514 654 625 732 prsebet
639 655 820 734 Hyrneuoeus
836 655 939 714 facem.

262 749 378 809 Asellus
393 761 499 822 autem,
514 751 566 829 qui
581 751 694 812 solebat
706 753 828 830 pauperi

262 847 416 916 onasum
431 847 545 921 referre,
557 849 653 908 stabat
666 858 758 928 portoe
771 849 802 908 in
817 849 933 910 limine:

263 943 351 1005 lllum
362 945 468 1023 puelloe
483 965 553 1005 casu
568 947 737 1006 conducunt
751 967 823 1019 suoe,
1027 969 1068 1008 ees
1143 989 1144 998 η

262 1041 329 1100 Viae
342 1041 454 1102 labores
468 1052 581 1125 tenerps
596 1063 632 1103 ne
646 1043 756 1102 laedant
770 1043 868 1122 pedes.

264 1138 397 1217 Repente
411 1138 527 1208 caelum,
541 1140 662 1200 Veneris
676 1141 880 1213 misericordia,

262 1235 365 1295 Ventis
377 1245 508 1309 novetur,
522 1236 635 1296 intonat
648 1238 748 1297 mundi
763 1238 869 1316 fragor,

261 1332 445 1410 Noctemque
458 1332 555 1392 densis
568 1334 713 1393 horridam
728 1335 834 1394 nimbis
848 1345 948 1414 parat3

265 1429 326 1488 Lux
341 1428 449 1508 rapitur
462 1429 554 1490 oculis
568 1441 598 1490 et
610 1430 696 1490 simul
710 1430 752 1490 vis
764 1431 912 1509 grandinis
1021 1455 1066 1492 eso

265 1523 376 1604 Ejlusa
389 1525 516 1605 trepidos
525 1529 631 1604 pulsat
644 1537 675 1587 et
686 1548 783 1587 omues
796 1527 942 1607 dissipo&

264 1623 329 1682 Sibi
344 1643 489 1703 quemque
503 1643 610 1703 cogens
625 1637 721 1704 petere
735 1625 901 1704 praesidium
916 1626 1005 1705 fugae.

268 1721 383 1780 Asellus
397 1731 498 1780 notum
507 1722 671 1800 proximum
687 1732 794 1782 tectum
810 1724 901 1795 subit,

261 1817 304 1878 Et
317 1838 387 1878 voce
400 1838 509 1895 magua
521 1839 583 1879 sese
596 1819 757 1879 venientem
771 1822 895 1880 indicat.

264 1914 442 1973 Procurrunt
455 1915 547 1993 pueri,
563 1916 714 1995 pulchram
729 1917 882 1976 affirmant
893 1919 1035 1996 uirginem

266 2011 305 2070 Et
320 2012 508 2081 admirantur,
521 2013 629 2072 deinde
642 2012 759 2072 domino
775 2014 921 2075 nuntiant.

267 2110 347 2168 luter
360 2109 473 2168 sodales
487 2109 535 2170 ille
547 2129 658 2188 paucos
673 2111 829 2185 accubens,

265 2208 400 2266 Amorem
416 2205 521 2265 crebris
534 2208 675 2267 avocabat
689 2208 811 2287 poculis.

265 2302 323 2361 Ubi
338 2301 507 2361 nunciatum
521 2312 575 2373 est,
589 2314 733 2365 recreatus
747 2306 873 2383 gaudiis,

267 2401 410 2460 Hortante
425 2399 542 2458 Baccho
557 2409 586 2459 et
600 2401 724 2474 Venere,
737 2402 840 2462 dulces
854 2401 981 2483 perficit,
1026 2425 1065 2464 eso

266 2496 454 2576 AEqualitatis
467 2496 541 2556 inter
555 2497 684 2576 plausus,
698 2499 828 2578 nuptias.

266 2593 414 2661 Quaerunt
428 2604 561 2672 parentes
574 2614 625 2674 per
639 2615 801 2675 praeconem
818 2596 917 2670 filiam,

271 2691 372 2750 Novus
385 2689 506 2749 maritus
520 2691 645 2770 conjuge
660 2692 765 2751 amissa
773 2692 864 2754 dolet.

307 2786 387 2854 Quid
402 2796 476 2846 esset
490 2797 587 2846 actum
603 2798 756 2866 postquam
772 2790 881 2868 populo
895 2788 1031 2859 innotuit,

267 2883 381 2942 Omnes
396 2882 519 2942 levorem
534 2883 759 2963 comprobirunt
774 2885 923 2946 Coelitum.
1027 2908 1065 2948 su

440 2979 471 3036 Χ
477 2980 702 3057 VL—AEsopus
715 2990 746 3040 et
757 2983 900 3041 Domina.

269 3078 401 3136 AEsorus
415 3075 491 3154 turpi
504 3095 595 3153 quum
611 3077 729 3138 serviret
743 3077 883 3151 foemiuoe,

267 3173 344 3242 Quae
359 3191 390 3232 se
403 3172 588 3253 expingendo
604 3184 696 3234 totum
712 3174 866 3236 intricabst
878 3175 965 3249 diersa
