2286 3696
248 209 287 265 42
358 225 721 266 onmnntnnuuunnuu
737 225 933 268 nsoomnuu

249 353 344 412 Unam
359 352 525 424 formosam,
539 357 569 411 et
582 353 673 412 oculis
684 363 836 414 venantem
850 354 943 424 viros;

248 450 288 509 At
303 449 421 510 aiteram
433 441 591 523 lanificam,
607 451 726 529 lrugi‘et
740 451 893 521 rusticanae

247 547 391 608 Devotam
405 547 472 606 vino
485 547 610 620 tertiam,
626 558 657 607 et
663 548 875 627 turpissimam.
937 579 940 588 ι

249 643 362 704 Harum
377 646 609 703 autemmatrem
624 644 693 704 lecit
707 645 839 705 heredem
855 667 953 721 senex,
993 669 1049 708 mis

136 783 139 790 ·
249 741 312 802 Sub
325 739 504 814 conditione,¹
516 750 607 800 totam
623 751 656 800 ut
670 729 814 812 fortunam
829 743 921 802 tribus

189 919 191 924 ,
248 832 409 910 AEqnaliter
421 832 595 894 distribuat:
617 833 736 894 sedati
748 835 846 907 modo,
954 880 956 886 .

250 929 295 989 Ne
310 929 380 992 data
393 930 560 1008 possideant
571 942 623 991 aut
637 932 789 1001 fruantur.;
811 943 878 1004 tum,
889 933 973 994 simol

250 1026 366 1086 Habere
380 1047 424 1086 res
439 1028 583 1101 desierint,
597 1049 671 1108 quas
685 1030 859 1108 acceperint,

250 1124 382 1184 Centena
395 1126 481 1185 matri
493 1127 643 1186 conterant
657 1126 796 1186 sestertia.
998 1150 1051 1188 imo

250 1220 380 1280 Athenas
389 1241 491 1282 sumor
505 1222 626 1303 implet;
645 1233 738 1282 mater
751 1224 853 1284 sedula

248 1317 266 1378 J
270 1318 432 1397 nrisperitos
446 1320 571 1378 consulit
582 1340 596 1380 :2
612 1339 697 1383 nemo
710 1321 836 1398 expedit,

250 1415 317 1483 Quo
331 1426 417 1495 pacto
431 1436 490 1476 non
500 1417 679 1497 possideant,
693 1418 771 1496 quod
787 1418 873 1477 luerit
887 1418 1000 1491 datum,

249 1511 423 1573 Fructumve
436 1513 574 1593 capiente
595 1513 712 1586 deinde,
726 1534 793 1593 quse
808 1515 927 1574 tulmint
940 1513 1024 1588 nihil,

249 1609 383 1677 Quanam
399 1611 509 1670 ratione
522 1612 672 1670 conferant
685 1611 849 1689 pecuniam.
892 1663 894 1666 .
965 1619 966 1624 ’
997 1633 1050 1672 toas

249 1706 409 1786 Postquam
423 1720 595 1787 consumpta
609 1718 653 1767 est
665 1707 802 1786 temporis
816 1708 895 1786 longi
908 1728 997 1782 mora,

247 1804 313 1864 Neo
329 1806 493 1864 testamenti
507 1805 601 1886 potuit
616 1824 716 1864 sensus
731 1805 839 1882 colligi,

249 1901 355 1961 Fidem·
366 1902 526 1974 advocavit,
538 1902 604 1982 jure
618 1902 762 1981 neglecto,
776 1921 900 1981 pavens:

249 1999 371 2077 Seponit
384 1999 505 2058 moeehae
519 2009 638 2072 vestem,
654 1998 795 2058 mundum
812 1999 991 2071 muliebrem,

249 2096 435 2156 Lavationem
448 2105 624 2174 argenteam,
640 2096 799 2166 eunuchos,
815 2096 930 2173 glabros
941 2112 952 2156 ι’
997 2115 1049 2156 soso

250 2193 385 2252 Lanificae
400 2192 518 2270 agellos,
533 2213 647 2270 peoora,
660 2193 768 2265 villam,
783 2193 937 2272 operarios,

250 2289 353 2359 Boves,
363 2290 508 2368 jumenta,
523 2301 553 2349 et*
565 2289 789 2349 instrumentum
802 2290 942 2349 rusticum
951 2310 962 2350 .:

251 2386 358 2447 Potrici
373 2388 487 2467 plenam
502 2387 628 2466 antiquis
640 2387 811 2466 apothecam
826 2387 918 2461 cadis,

250 2483 377 2543 Domum
392 2484 522 2562 politam,
536 2493 566 2542 et
579 2484 718 2544 delicatos
732 2484 871 2544 hortulos.

250 2579 300 2639 Sic
315 2581 460 2640 destinata
471 2580 540 2640 dare
553 2601 643 2659 quum
657 2580 743 2658 vellet
756 2580 904 2658 siugulis,¹
997 2601 1048 2639 noso

151 2681 159 2692 '
252 2677 290 2735 Et
304 2679 477 2757 approbaret
491 2677 627 2757 populus,
641 2677 692 2755 qui
706 2677 770 2736 illas
785 2688 919 2750 noverat,

251 2775 375 2854 AEsopns
389 2775 484 2834 media
497 2775 592 2834 subito
607 2775 635 2834 in
650 2775 737 2834 turba
750 2775 897 2835 constitit:

249 2878 269 2908 “
286 2872 313 2930 Ο
328 2872 352 2932 si
364 2882 493 2931 maneret
507 2872 624 2932 condito
637 2891 736 2932 sensus
751 2873 839 2952 patri,

251 2969 347 3036 Quam
362 2969 484 3047 graviter
497 2968 591 3042 ferret,
606 2969 690 3047 qnod
701 2970 879 3029 voluntatem
893 2987 976 3028 suam

283 3099 323 3132 ¹⁰¹²
340 3100 428 3157 Oculis,
443 3099 496 3162 iva]
514 3115 539 3164 q.
551 3098 576 3148 d.
588 3099 693 3149 nubilem
704 3099 856 3156 annis-¹⁰²⁴
868 3099 988 3164 Tolerint]
1007 3114 1047 3149 ae·

252 3175 439 3241 ceperint-¹⁰³⁸
456 3175 603 3241 Apotheosis]
614 3177 700 3226 cellam
710 3175 834 3238 vinariam.
