2298 3684
234 163 272 218 72
561 181 696 224 rutrum

314 309 602 384 XIX.-Lurciniu,'
610 316 761 390 Accipiter
774 325 803 373 el
816 318 943 392 Aaoeps.

232 404 413 466 Accrrrrun
424 408 453 466 in
469 409 593 468 Luscinii
607 410 675 468 nido
688 411 759 470 dum
774 412 865 484 sedet,

233 501 333 562 Aurito
347 504 495 577 insidiens,
511 506 569 566 illic
584 507 678 585 pullos
692 507 810 567 invenit.
833 573 837 578 ,
974 531 1029 575 nas

234 599 339 672 Mater,
354 601 459 680 periclo
473 613 552 662 mota
565 605 662 682 prolis,
678 605 805 676 advolat,

234 696 430 778 Supplexque,
444 699 530 777 pullis
545 711 577 758 ut
590 712 688 779 pareat
703 701 771 773 suis,
785 713 878 780 rogat

234 792 387 873 Accipiter,
403 802 422 830 “
436 796 523 864 Quod
537 797 607 869 vis,'’
623 797 726 876 iuquit,
740 805 761 832 “
771 799 885 868 faciam,
900 801 925 858 si
937 801 1016 858 bona

235 889 374 952 Cantabis
388 912 457 954 voce
471 913 585 954 carmen
601 894 783 954 modulatum
797 896 895 956 mihil’

235 988 275 1046 At
288 988 346 1062 illa,
362 991 493 1068 quamvis
507 991 651 1050 excideret
665 991 790 1064 animus,
803 1003 901 1051 tamen
976 1014 1032 1049 raso

236 1085 318 1145 Metu
332 1089 460 1165 parebat,
476 1099 505 1148 et
519 1098 622 1147 coacta
636 1089 768 1158 cantitat,

236 1180 384 1261 Luctuque
399 1183 494 1262 plena.
537 1184 670 1244 Praedam
682 1185 734 1262 qui
747 1195 912 1264 captaverat

236 1279 380 1360 Accipiter
393 1280 495 1361 inquit,
510 1288 529 1315 “
546 1282 614 1341 Nun
628 1292 659 1341 tu
675 1281 798 1341 cantasti
811 1283 913 1340 bene.'’

237 1375 275 1435 Et
289 1397 375 1437 unam
390 1399 424 1437 ex
440 1377 525 1457 pullis
539 1379 728 1458 apprehendit
743 1379 895 1456 unguibus,

238 1473 389 1553 Cupitque
404 1475 547 1536 devorare.
591 1476 636 1534 Ex
650 1475 761 1534 diverso
774 1476 853 1534 venit
979 1497 1032 1534 rem

238 1573 362 1652 Auceps,
377 1585 406 1633 et
420 1573 531 1633 calamo
548 1573 623 1632 clam
638 1583 792 1642 crescente,
808 1573 945 1650 perfidam

238 1668 324 1728 Visco
338 1669 488 1747 contingit,
504 1682 591 1749 atque
606 1670 635 1727 in
649 1681 752 1728 terram
766 1669 902 1729 detrahit.

277 1766 450 1845 Quicunque
464 1767 579 1828 fraudes
593 1766 641 1826 alii
654 1766 748 1825 tendit
762 1766 909 1838 subdolas,

236 1862 347 1922 Timere
361 1861 457 1934 debet,
473 1883 508 1923 ne
522 1863 582 1941 ipse
597 1864 726 1941 capiatur
739 1862 816 1921 doio.

372 1959 595 2037 XX.-Lupus,
614 1962 712 2036 Vulpis
726 1970 755 2019 et
770 1962 891 2020 Pastor.

238 2057 344 2115 Lurus
359 2077 409 2135 per
422 2069 535 2135 tempus
549 2058 703 2116 maximam
717 2068 900 2134 congesserat
974 2045 1041 2114 ιειοΙ

239 2152 372 2212 Praedam
387 2154 415 2212 in
430 2154 535 2225 cubile,
549 2154 667 2213 haberet
680 2163 713 2212 ut
727 2154 845 2225 cibaria,

240 2250 329 2318 Queis
344 2250 439 2330 plures
454 2261 551 2329 posset
564 2270 677 2310 menses
690 2251 749 2310 otio
763 2250 829 2309 frui.

240 2347 348 2427 Vulpes
362 2359 394 2410 ut
408 2348 496 2420 novit,
512 2347 549 2407 ad
563 2348 657 2408 cubile
672 2347 733 2406 abit
747 2347 831 2425 Lupi,

240 2445 278 2504 Et
291 2465 359 2506 voce
371 2445 502 2515 tremula,
518 2450 538 2478 “
554 2446 601 2503 An
615 2454 701 2516 recte,
716 2445 813 2514 frater,
827 2444 949 2502 omnia?

239 2542 326 2610 Quod
340 2553 369 2603 te
384 2563 440 2603 uon
455 2543 513 2602 vidi
527 2543 604 2602 silvis
619 2552 769 2600 venantem
781 2541 849 2611 tuis,
981 2563 1033 2600 rme

238 2639 359 2698 Tristem
373 2660 423 2718 per
436 2659 536 2699 omnes
548 2639 630 2717 exegi
644 2639 731 2697 vitam
745 2637 837 2696 dies.”

240 2736 349 2814 Lupus,
364 2737 479 2795 livorem
494 2748 648 2815 postquam
663 2734 780 2812 agnovit
793 2733 920 2804 aemulae,

240 2838 259 2866 “
277 2832 344 2890 Non
358 2843 390 2891 tu
404 2832 515 2892 solicita
528 2833 585 2892 huc
600 2852 689 2893 causa
702 2831 803 2892 venisti
816 2850 892 2901 mea,

271 2989 310 3023 ¹⁷⁹⁵
332 2992 428 3054 Aurata]
447 2991 605 3058 lepori—¹⁸⁰⁶
623 2993 715 3039 Calama
736 2995 794 3039 clam
815 2989 936 3052 mercante]
956 2990 1030 3037 Nam-

238 3086 284 3135 que
302 3085 389 3134 auceps
402 3069 497 3118 silenter
513 3069 633 3134 magisque
647 3078 671 3118 et
685 3068 759 3133 magis
775 3068 893 3118 calamum
907 3067 1031 3133 protendit,

239 3156 265 3195 ut
276 3163 342 3196 avem
353 3147 451 3196 falleret.
