2286 3696
360 244 460 284 uranu
476 245 637 292 ounurus.
856 230 895 287 49

99 374 227 435 Profecti
239 385 308 434 sunt
321 374 409 453 legati
423 395 482 434 non
494 376 578 436 celeri
592 374 675 455 pede.

100 473 179 530 Dum
194 473 310 531 naribus
322 482 487 532 scrutantur
499 493 596 532 escam
610 474 639 532 in
654 483 787 546 stercore,

97 569 186 628 Citati
200 589 258 628 non
272 570 455 647 respondent.
498 571 555 628 Vix
569 571 687 630 tandem
702 571 810 630 invenit
843 592 894 630 rsoo

102 666 161 724 Eos
174 667 336 727 Mamurius
349 678 379 728 et
392 670 522 728 turbatos
536 667 663 728 attrahit.

99 763 174 822 Tum
189 783 254 823 vero
268 764 379 823 vultum
394 764 492 843 magni
507 773 538 822 ut
551 765 686 825 viderunt
698 764 789 837 Jovis‚

98 860 202 920 Totam
216 861 350 922 timentes
363 860 559 922 conoaodrunt
572 863 689 941 regiam.

102 957 236 1036 Propulsi
249 978 316 1019 vero
330 959 454 1020 fustibus
466 959 580 1018 vadunt
592 959 686 1019 foras:

104 1055 190 1115 Vetat
201 1055 307 1116 dimitti
320 1069 443 1134 magnus
457 1056 522 1115 ilios
536 1057 658 1136 Jupiter.
785 1057 790 1070 '
849 1079 898 1117 reos

102 1151 212 1223 Mirati,
228 1152 281 1212 sibi
296 1153 407 1232 legatos
421 1173 479 1212 non
494 1154 636 1224 revertier,

98 1249 195 1328 Turpe
208 1250 384 1310 {estimantes
398 1251 507 1330 aliquid
520 1251 704 1310 commissum
719 1271 737 1312 a
752 1252 821 1324 suis,

101 1346 174 1406 Post
187 1347 304 1426 aliquod
318 1360 433 1426 tempus
449 1348 520 1407 alios
533 1348 656 1407 adscribi
666 1349 781 1428 jubent.

100 1443 212 1502 Rumor
226 1444 337 1522 legatos
350 1445 508 1524 superiores
523 1445 659 1523 prodidit.

97 1542 245 1601 Timentes
258 1561 355 1601 rursus
372 1541 481 1620 aliquid
494 1562 531 1601 ne
545 1541 637 1601 simile
650 1542 774 1613 accidat,
849 1564 898 1601 raro

101 1637 199 1698 Odore
213 1639 333 1698 canibus
347 1659 445 1710 anum,
461 1638 511 1698 sed
526 1638 628 1711 multo,
643 1639 765 1717 repient.

100 1735 244 1795 Mandata
258 1736 347 1804 dant3
370 1736 457 1814 legati
472 1736 644 1803 mittuntur:
667 1735 763 1797 statim

100 1835 228 1892 Abeunt.
271 1833 420 1911 Rogantes
434 1833 555 1905 aditum,
570 1833 709 1893 continuo
724 1833 889 1914 impetrant.¹

100 1929 243 1990 Consedit
257 1931 369 2008 genitor
382 1941 443 1990 tum
460 1931 589 1990 Deorum
604 1931 758 2003 maximus,

100 2029 286 2106 Quassatque
300 2028 428 2089 fulmen:
449 2038 570 2088 tremere
584 2049 696 2108 coepere
710 2029 816 2087 omnia.
848 2050 898 2088 rare

99 2127 209 2198 Canes,
224 2125 360 2185 confusus
373 2125 468 2184 subito
483 2125 562 2204 quod
575 2126 668 2185 fuerat
682 2126 787 2205 fragor,

100 2223 234 2301 Repente
248 2223 365 2282 odorem
378 2223 500 2282 mixtum
514 2243 580 2281 oum
594 2222 700 2282 merdis
714 2234 827 2283 cecant.

101 2320 276 2380 Reclamant
289 2339 389 2379 omnes
403 2320 607 2379 vindicandam
621 2321 764 2400 iujuriam.

99 2417 150 2477 Sic
165 2426 209 2477 est
220 2417 358 2497 loquutus
372 2427 439 2477 ante
454 2437 567 2496 poenam
582 2417 716 2496 Jupiter:

100 2520 121 2549 “
138 2514 208 2574 Non
222 2524 266 2574 est
279 2514 389 2593 legatos
403 2516 477 2592 regis
490 2534 547 2572 non
561 2513 714 2584 dimittere,
848 2535 899 2570 mro

101 2611 166 2672 Nec
181 2621 225 2671 est
237 2611 365 2682 difficile,
380 2631 479 2691 poenas
494 2611 591 2690 culpae
605 2610 769 2688 imponere:

99 2709 162 2770 Sed
175 2710 231 2769 hoo
245 2709 340 2769 seretis
354 2728 406 2788 pro
415 2708 530 2789 justitia
542 2708 705 2788 praemium,

101 2806 171 2866 Non
185 2807 243 2866 cito
257 2806 374 2878 dimitti,
389 2825 488 2866 verum
502 2805 623 2866 cruciari
638 2805 722 2866 fame.

99 2903 148 2964 Ne
161 2912 289 2964 ventrem
304 2905 449 2964 continere
463 2923 520 2962 non
535 2903 647 2982 possint
660 2922 743 2961 suum
757 2923 764 2962 ι

99 3001 147 3062 11Ιί
162 3011 270 3074 autern,
286 3001 336 3080 qui
351 3001 489 3061 miserunt
502 3019 552 3059 ros
566 3011 625 3059 tam
640 2999 748 3072 sutiles,
848 3021 897 3059 ress

99 3099 271 3178 Numquam
284 3099 424 3158 carebunt
438 3097 562 3157 hominis
576 3096 781 3156 contumelia.”

97 3199 147 3258 lta
160 3217 239 3258 nuno
254 3197 365 3275 legatos
378 3204 550 3276 exspectant
564 3206 593 3255 et
607 3193 722 3274 posteri,

489 3313 506 3352 u
