2298 3684
252 237 308 295 102
549 255 752 297 saturi-:urim

248 382 345 459 Coges
358 391 503 442 amantem
517 383 612 455 irasci,
626 404 722 445 amare
736 385 760 444 si
774 385 855 444 velis.
1011 409 1050 448 ses

247 479 358 538 Comus
372 479 515 539 facundus
529 480 558 538 in
572 481 619 540 via
632 500 684 561 pro
698 481 832 542 vehiculo
846 492 899 542 est.
950 482 951 485 ’

249 577 427 656 Conjunctio
440 577 529 636 animi
543 579 671 638 maxima
684 589 729 638 est
741 579 888 658 cognatio.

248 673 443 734 Conscientiae
458 674 554 753 potius
569 694 657 754 quam
670 676 757 735 famae
772 677 939 738 attenderis.

247 770 407 830 Considera
420 771 490 849 quid
505 771 596 846 dicas,
611 793 670 832 nou
684 773 755 853 quid
770 774 891 852 cogites.

246 866 406 926 Consilium
420 867 570 929 inveniunt
579 870 673 942 multi,
689 871 739 930 sed
753 870 832 931 docti
846 871 1005 952 explicant.

247 963 376 1024 Consilio
391 966 492 1026 melius
506 967 615 1040 vincas,
630 987 719 1046 quarn
733 968 893 1028 iracundia.

245 1062 418 1123 Consonus
427 1064 500 1124 ,vitia
514 1064 641 1137 ferimus,
655 1085 731 1125 nova
743 1066 951 1144 reprendimus.

246 1159 401 1220 Contemni
415 1162 528 1238 gravius
540 1161 691 1241 sopientiae
705 1173 750 1223 est
762 1183 852 1242 quam
866 1163 988 1242 percuti.

246 1257 401 1316 Contemni
414 1259 503 1317 levius
514 1259 645 1319 stultitiae
659 1269 703 1322 est
717 1280 805 1339 quarn
821 1262 942 1340 percuti.

245 1353 357 1414 Contra
367 1354 479 1415 felicem
491 1356 540 1415 vix
555 1357 636 1416 Deus
648 1357 722 1417 vires
735 1357 835 1416 habet.
1006 1379 1045 1418 ras

246 1451 383 1513 Cournn
394 1453 603 1533 imprudentem
613 1454 703 1514 stultu
710 1464 755 1515 est
765 1455 855 1515 nimia
866 1455 1043 1535 ingenuitas.

188 1536 195 1546 ’
246 1549 385 1609 Curuus
400 1551 536 1630 relinquit
548 1552 627 1623 vitm,
642 1551 693 1631 qui
707 1561 828 1611 mortem
842 1553 963 1631 appetit.

245 1647 434 1707 Cnunstsru
450 1648 594 1708 medicum
610 1649 806 1728 intemperans
820 1669 897 1729 aeger
910 1649 989 1710 lacit.
1011 1649 1019 1686 ·’

245 1744 418 1804 Caunnus
433 1755 486 1814 est,
500 1765 558 1804 non
571 1746 660 1819 fortis,
676 1746 726 1825 qui
741 1745 882 1806 infantem
896 1758 992 1808 necat.

245 1842 415 1902 Cnunstrs
429 1852 474 1902 est
486 1841 514 1900 in
528 1862 559 1902 re
573 1842 693 1903 adversa
707 1843 881 1923 objurgatio.
957 1921 959 1928 .
1005 1867 1044 1906 ιω

245 1939 378 1998 Crudelis
391 1939 525 2019 lacrymis
538 1941 667 2019 pasoitur
680 1960 738 2000 non
754 1940 904 2019 frangitur.

244 2036 309 2095 Cin
325 2037 399 2097 nolis
413 2057 491 2115 saepe
504 2037 598 2110 irasci,
612 2038 741 2098 irascaris
755 2039 854 2098 semel.

244 2133 309 2192 Cur
323 2153 423 2193 omnes
436 2136 510 2193 bene
523 2134 636 2207 dicunt,
650 2135 778 2214 possidet
789 2136 889 2216 populi
901 2137 989 2196 bona.

244 2231 309 2290 Cur
324 2229 390 2309 plns
401 2230 470 2289 licet
482 2251 570 2310 quem
584 2251 638 2312 par
649 2242 704 2305 est,
719 2233 785 2313 plus
793 2234 855 2293 vult
864 2253 952 2312 quam
961 2233 1042 2294 licet.

244 2329 307 2387 Cur
323 2347 435 2406 semper
448 2326 571 2399 dederis,
585 2328 634 2388 ubi
648 2349 747 2408 negas,
762 2350 860 2411 rapere
875 2331 1011 2409 imperas.

243 2428 365 2486 Curris
379 2434 475 2505 potest
486 2425 626 2498 accidere,
640 2427 720 2506 quod
731 2427 868 2506 cuiquam
884 2439 990 2506 potest.

243 2526 364 2584 Cuivis
378 2523 470 2603 dolori
484 2524 642 2584 remedium
656 2534 700 2584 est
712 2524 862 2604 patientia.

243 2622 319 2681 Cum
328 2640 480 2694 ames,non
488 2621 598 2700 sapiam
615 2630 675 2692 aut,
687 2641 753 2682 curn
766 2623 937 2700 sapias,non
949 2621 1042 2684 ames.

242 2718 318 2777 Cum
333 2718 386 2778 das
399 2737 485 2778 avaro
498 2718 659 2797 praemium,
673 2729 707 2778 ut
718 2729 822 2779 noceat
836 2739 930 2798 rogus.

241 2815 319 2874 Cum
335 2815 450 2875 inimico
464 2835 549 2875 nemo
563 2816 592 2874 in
608 2816 727 2893 gratiam
742 2826 806 2876 tuto
820 2817 903 2878 redit.
1000 2837 1042 2878 rso

242 2912 318 2972 Cum
333 2910 402 2970 vitio
414 2923 545 2990 prosunt,
558 2923 660 2993 peccat
672 2913 723 2992 qui
736 2923 813 2974 recte
825 2914 904 2974 lacit.

242 3011 414 3070 Dnnunns
427 3019 472 3069 est
485 3009 646 3089 objurgare,
661 3031 728 3070 cum
742 3012 850 3072 auxilio
863 3021 906 3072 est
919 3031 1006 3091 opus.

243 3107 381 3167 Damnati
391 3107 491 3185 lingua
505 3127 604 3168 vocem
618 3108 717 3181 habet,
732 3129 790 3168 non
804 3110 862 3169 vim
876 3110 976 3170 habet.

242 3203 1039 3288 Dauuuuappellandumestsummalalamalucrum.
