2298 3684
353 273 504 314 stannum
520 265 629 314 noun:
850 245 887 314 83

87 411 109 442 ‘⁴
128 404 226 464 Deum
240 402 354 477 videtis,
369 403 493 463 tribuam
507 403 588 464 robis
602 403 733 483 protinus

52 573 56 580 ι
87 501 178 570 Quod
193 521 317 582 quaeque
331 498 468 580 optdritl’
505 501 602 561 Mater
615 501 758 580 supplicat
771 521 886 581 roquos,

89 599 250 658 Barbatum
265 607 297 657 ut
310 598 406 658 videat
419 607 520 657 natum
535 619 621 676 quam
638 598 760 677 primum
775 619 879 659 suum:

90 695 222 767 Moecha,
237 704 271 754 ut
285 706 422 775 sequatur
435 715 497 755 sese
511 695 653 773 quidquid
667 695 806 774 tetigerit.

88 793 180 853 Volat
194 793 364 866 Mercurius,
379 795 454 853 intro
467 792 588 852 redeunt
603 793 751 867 Mulieres,
863 817 888 852 so

90 891 235 951 Barbatus
249 891 354 964 infans,
369 896 454 950 ecce!
477 890 590 968 vagitus
603 890 671 949 ciet.

89 987 125 1046 Id
141 986 214 1047 forte
226 988 358 1048 meretrix
372 1008 461 1067 quum
476 987 581 1047 rideret
594 987 727 1061 validius,

90 1085 189 1144 Nares
202 1086 322 1164 replevit
334 1085 448 1158 humor,
463 1095 497 1144 ut
510 1085 572 1144 fleri
586 1085 669 1144 solet.

89 1181 255 1260 Emungere
269 1184 363 1261 igitur
376 1203 407 1242 se
419 1183 528 1254 volens,
538 1182 658 1260 prendit
671 1202 760 1242 manu

88 1279 248 1359 Traxitque
262 1280 299 1339 ad
314 1290 418 1340 terram
432 1279 495 1339 nasi
509 1280 722 1358 longitudinem
864 1301 889 1339 es

90 1376 130 1436 Et
142 1377 230 1436 alium
243 1377 339 1437 ridens
354 1378 416 1458 ipsa
431 1378 551 1437 ridenda
565 1378 670 1440 extitit.

260 1476 280 1532 I
286 1476 555 1535 V.-Prometlreus
570 1484 600 1534 et
615 1477 722 1535 Dolus.

90 1571 184 1632 Onu
199 1572 398 1644 Prometheus,
413 1571 512 1630 saeculi
524 1571 630 1650 figulus
645 1571 724 1644 nori,

91 1669 180 1729 Creta
194 1669 292 1728 subtili
305 1669 464 1728 Veritatem
479 1669 595 1741 fecerat,

91 1767 132 1825 Ut
141 1769 209 1848 jura
224 1775 319 1846 posset
333 1766 406 1826 inter
419 1766 552 1826 homines
565 1765 694 1826 reddere.
940 1837 944 1846 .

91 1864 195 1924 Subito
210 1863 365 1924 accersitus
379 1865 482 1923 nuntio
496 1866 594 1942 magni
609 1863 703 1936 Jovis,
862 1885 890 1921 40

92 1962 286 2021 Commendat
299 1961 445 2021 officinam
460 1960 556 2020 fallaci
573 1961 660 2034 Dolo,

92 2059 125 2117 ln
139 2058 319 2139 disciplinam
333 2077 425 2138 nuper
438 2077 524 2135 quem
539 2066 697 2138 receperat.

93 2156 149 2216 Hic
162 2156 258 2215 studio
272 2175 422 2226 accensus,
436 2155 511 2215 facie
524 2155 711 2215 simulacrum
724 2156 797 2234 pari,

94 2253 158 2313 Une
171 2263 293 2325 statura,
308 2253 399 2312 simile
413 2262 443 2312 et
456 2252 593 2312 membris
607 2253 752 2326 omnibus,

93 2351 172 2408 Dum
186 2360 299 2428 tempus
313 2349 424 2422 hebuit,
440 2348 549 2409 callida·
559 2350 645 2410 linxit
659 2371 758 2410 manu.
861 2372 887 2408 45

93 2447 180 2516 Quod
193 2466 282 2527 prope
290 2449 353 2527 jem
366 2456 459 2506 totum
473 2446 544 2506 mire
557 2467 649 2525 quum
664 2447 790 2526 positum
805 2447 887 2520 foret,

93 2546 198 2606 Lutum
212 2544 249 2603 ad
262 2544 411 2603 faciendos
423 2543 466 2602 illi
478 2543 584 2611 defecit
598 2543 697 2622 pedes.

93 2642 182 2702 Redit
196 2643 346 2720 Magister,
363 2641 515 2700 festinante
530 2659 589 2719 quo
605 2639 701 2701 Dolus

95 2741 176 2800 Metu
189 2740 323 2800 turbatus
334 2740 364 2798 in
378 2758 433 2798 suo
445 2738 519 2798 sedit
532 2738 606 2797 loco.

95 2837 204 2898 Mirans
218 2836 406 2897 Prometheus
420 2845 530 2895 tautam
546 2833 762 2894 similitudinem
865 2858 891 2894 so

95 2934 221 3013 Propriae
236 2933 326 2993 videri
335 2932 426 2992 voluit
440 2932 510 2992 artis
522 2932 654 3010 gloriam.

93 3030 190 3109 Igitur·
199 3031 310 3094 lamaci
321 3030 428 3109 pariter
439 3029 500 3088 duo
511 3029 593 3108 sigua
609 3029 706 3089 intulit
719 3050 727 3100 ;

94 3127 207 3196 Quibus
221 3127 370 3205 percoctiS,
385 3127 582 3204 atque'inluso
596 3127 707 3206 spiritu,

94 3224 228 3284 Modesto
242 3243 340 3304 gressu
355 3235 459 3284 sancta
472 3223 587 3283 incessit
600 3224 717 3297 veritas,
