2298 3684
230 164 285 222 120
377 183 380 189 ·
526 179 727 222 ssurnnrrn.

226 309 393 378 Quonrotn
406 307 572 384 damnans,
587 309 638 388 qui
650 329 764 390 semper
776 309 869 370 timet.

227 406 398 475 Quornnn
413 416 457 466 est
469 405 594 466 deterior
606 405 745 486 posterior
755 406 828 466 dies.

228 505 343 584 Rapere
354 513 398 565 est
412 504 541 584 accipere
554 505 634 583 quod
646 523 707 564 non
721 505 813 585 possis
826 503 953 566 reddere.

229 602 343 682 Rapere
357 612 412 675 est,
426 620 482 661 non
498 611 604 680 petere,
619 582 758 682 quieduid
772 601 860 662 invito
875 603 999 662 auferes.

229 698 356 758 Renum
370 717 432 757 esse
444 707 568 777 oportet,
582 698 661 776 quod
674 698 724 758 diu
737 717 838 758 earum
851 698 931 758 velis.

230 795 365 869 Ratione,
379 815 437 854 non
452 796 490 867 vi,
505 795 646 856 vincenda
657 795 851 856 adolescentia
864 805 917 856 est.

231 894 331 954 Refert
339 913 426 972 quam
434 893 499 971 quis
507 893 581 954 bene
589 893 679 961 vivatz
694 913 784 974 quam
793 893 919 966 diu,non
928 893 1027 953 refert.

231 991 357 1068 Regnat,
371 1011 430 1049 non
445 990 581 1069 loquitur,
593 990 645 1069 qui
656 990 696 1049 nil
707 990 761 1050 nisi
774 991 854 1070 quod
867 990 929 1051 vult
943 991 1026 1051 facit.
1130 1047 1131 1070 ,

231 1088 286 1147 Rei
300 1087 372 1148 nulli
384 1087 501 1167 prodest
512 1107 602 1161 mora,
616 1087 670 1148 nisi
684 1088 851 1148 iracundiae.
985 1104 1028 1148 66⁵
1130 1085 1131 1088 ’

232 1185 405 1245 Remedium
419 1183 523 1243 frustm
536 1194 581 1244 est
595 1195 696 1246 contra
709 1185 818 1246 fulmen
831 1205 971 1266 querere.

233 1281 346 1360 Repelli
361 1301 391 1341 se
404 1281 491 1340 homo
506 1280 618 1340 facilins
631 1281 687 1342 sert
700 1301 788 1361 qnam
800 1282 904 1362 decipi.

233 1378 363 1458 Repente
375 1377 454 1437 dives
466 1397 551 1437 nemo
565 1377 659 1438 sactus
672 1389 715 1438 est
728 1380 831 1439 bonus.

160 1529 165 1538 ,
234 1477 293 1536 Res
306 1475 435 1554 inquieta
450 1484 493 1534 est
506 1475 535 1534 in
549 1495 580 1534 se
593 1474 686 1554 ipsam
699 1475 830 1536 felicitas.

233 1573 387 1653 Respicere
400 1571 441 1630 nil
453 1571 602 1632 consuevit
615 1572 772 1633 iracundia.
986 1587 1028 1636 mo

234 1670 293 1730 Res
308 1679 417 1749 quanto
432 1678 475 1728 est
489 1668 598 1741 melior,
613 1678 694 1728 tauto
708 1680 752 1730 est
766 1669 936 1730 insidiosior.

234 1767 388 1828 Revertere
400 1766 476 1825 unde
489 1766 609 1839 veneris,
625 1766 793 1846 nihilgraie
807 1777 861 1827 est.

235 1865 315 1924 Reus
329 1865 467 1924 innocens
481 1863 649 1936 Fortunam,
664 1883 723 1922 non
737 1873 852 1937 testem,
863 1864 954 1924 timet.

236 1962 301 2021 Rex
315 1980 376 2020 esse
390 1961 489 2032 nolim,
505 1968 537 2020 ut
549 1981 611 2020 esse
625 1960 747 2022 crudelis
761 1961 855 2022 veiim.

236 2057 420 2118 Rivalitatem
435 2077 493 2117 non
508 2058 728 2121 amatrictoria.
839 2117 845 2126 ,
990 2073 1029 2123 ms

236 2154 349 2232 Rogare
364 2155 488 2233 ingenuo
502 2155 621 2214 servitus
634 2153 848 2233 quodammodo
861 2165 914 2215 est.

236 2252 365 2330 Roganti
376 2250 490 2324 melius,
505 2271 592 2329 qnam
608 2251 770 2331 imperanti,
783 2271 894 2330 pareas.

235 2349 381 2409 Ruborem
394 2348 487 2408 emico
501 2357 644 2420 excutere,
661 2348 785 2409 amicum
799 2360 844 2408 est
857 2349 985 2428 perdere.

237 2448 323 2527 Saepe
337 2446 413 2506 oculi
427 2456 457 2505 et
471 2465 554 2505 aures
566 2444 645 2524 vulgi
657 2455 726 2505 sunt
738 2456 826 2506 testes
839 2446 917 2506 mali.

176 2619 178 2622 Ι
237 2545 323 2624 Seepe
337 2543 512 2622 ignoscendo
527 2543 580 2605 das
594 2543 706 2623 injurias
720 2542 826 2603 locum.
986 2557 1026 2602 eoo

237 2641 347 2702 Salutis
360 2661 448 2702 causa
461 2641 534 2701 bene
548 2641 582 2700 fit
593 2639 701 2699 homini
714 2640 827 2720 injurie.

238 2737 456 2798 Sanctissimum
471 2746 516 2798 est
526 2737 690 2798 meminisse
703 2737 751 2796 cui
760 2747 794 2797 te
804 2737 920 2798 debeas.

238 2835 361 2915 Sapiens
373 2853 460 2915 supra
473 2855 572 2895 omnes
587 2855 666 2895 arma
680 2834 745 2906 fert,
759 2854 826 2894 cum
840 2834 958 2914 cogitat.

238 2933 392 3002 Samene,
406 2931 485 3012 quod
499 2932 613 3011 petitur,
627 2932 677 2991 nbi
690 2941 777 3006 tacet,
791 2932 912 2992 breviter
925 2939 1021 3010 neget.

238 3028 316 3089 Satis
329 3037 373 3088 est
386 3029 488 3088 beatus
502 3029 553 3107 qui
567 3038 672 3108 potest,
686 3028 840 3102 cumvult,
855 3029 937 3090 mori.
991 3045 1029 3089 me

239 3126 293 3186 Sat
306 3145 412 3205 magna
426 3145 513 3186 usura
524 3135 568 3186 est
580 3145 632 3205 pro
645 3126 785 3189 beneficio
796 3125 942 3189 memorie.
