2286 3696
258 223 296 279 54
369 237 503 278 arraonr
520 239 725 280 raauaanuu
743 240 938 281 ascelinum

257 371 332 430 Usus
346 370 458 442 Poetae,
472 381 505 430 ut
517 370 612 442 morie,
627 381 670 430 eet
685 371 811 442 licentia,

257 469 352 548 Atque
367 467 535 547 interposuit
549 468 664 545 gemina
679 469 764 530 Lede
779 469 882 541 sidera,

256 565 468 625 Auctoritatem·
478 565 577 624 similis
590 567 714 625 referens
727 565 837 644 gloriae.

257 662 339 741 Opus
354 661 541 741 approbavit:
563 663 613 722 sed
629 664 767 722 mercedis
782 665 894 722 tertiam
999 685 1052 723 rasa

257 761 377 840 Accepit
391 769 519 839 partem:
541 781 632 841 quum
645 762 788 840 reiiqtiurn
803 771 950 840 posceret:

257 867 276 892 “
289 858 363 930 Illi,”
373 858 475 936 inquit,
486 865 506 893 “
517 859 851 937 reddent,quorumsunt
861 859 961 918 laudes
969 859 1049 918 duae.

257 955 364 1014 Verum
378 975 413 1016 ne
430 955 499 1016 irate
512 955 662 1016 dimissum
677 966 706 1016 te
720 957 852 1029 sentiam,
893 1029 894 1034 η

164 1049 168 1056 ’
258 1051 303 1111 Ad
317 1072 439 1124 coennm,
454 1053 523 1114 mihi
538 1053 681 1132 promitte,
696 1065 835 1131 cognatos
848 1053 914 1113 volo

258 1150 353 1209 Hodie
368 1150 496 1223 invitare,
510 1170 633 1230 quorum
647 1171 678 1209 es
692 1150 722 1209 in
737 1170 855 1210 numero
869 1150 969 1210 mihi.”

258 1248 421 1307 Fraudatus
434 1247 575 1325 quamvis,
590 1258 620 1308 et
634 1247 735 1307 dolens
749 1248 863 1328 injuria,

259 1345 304 1404 Ne
318 1345 393 1404 male
407 1344 553 1406 dimissam
569 1347 690 1423 gratiam
705 1356 906 1425 corrumperet,

258 1442 400 1502 Promisit.
443 1443 542 1505 Rediit
555 1443 626 1502 hora
639 1442 728 1514 dicta,
743 1444 882 1504 recubuit.

257 1540 434 1619 Splendebat
448 1541 536 1600 hilare
551 1541 661 1620 poculis
674 1540 845 1602 convivium.

257 1637 368 1715 Magno
382 1649 523 1718 apparatu
538 1638 608 1697 laeta
620 1641 774 1698 resonabat
786 1637 908 1709 domun
955 1684 958 1689 .

257 1735 388 1815 Repente
401 1735 460 1794 duo
470 1756 560 1814 quum
571 1735 693 1814 juvenes
708 1755 796 1815 sparsi
790 1735 937 1815 ⁸,pulvere

256 1831 368 1892 Sudore
382 1832 474 1892 multo
488 1832 649 1892 diffluentes
663 1851 794 1912 corpora,

238 1969 240 1976 ι
258 1919 423 1988 Humanam
439 1949 525 2009 supra
535 1929 670 2002 sormam,
685 1929 801 1989 cuidam
817 1905 931 1988 servulo

257 2026 412 2098 Mandant,
427 2035 460 2084 ut
474 2026 510 2086 ad
525 2045 555 2086 se
569 2037 703 2104 provocet
718 2026 908 2098 Simonidem,

258 2124 338 2183 lilius
354 2124 488 2183 interesse
503 2144 539 2182 ne
555 2123 644 2182 saciat
659 2143 780 2182 moram:

257 2220 353 2280 Homo
366 2221 549 2300 perturbatus
561 2222 670 2280 excitat
685 2220 873 2280 Simonidem.

259 2318 355 2378 Unum
370 2317 516 2398 promorat
529 2317 576 2375 vix
589 2317 691 2397 pedem
705 2317 837 2388 triclinio,

258 2415 355 2476 Ruina
368 2435 488 2475 camerae
502 2413 597 2475 subito
611 2415 753 2495 oppressit
765 2425 902 2482 caeteros:

258 2514 320 2574 Nec
332 2513 384 2572 utri
393 2513 515 2593 juvenes
529 2522 597 2572 sunt
608 2513 712 2592 reperti
727 2513 763 2571 ad
775 2512 896 2592 januam

257 2612 298 2670 Ut
311 2622 355 2670 est
367 2611 499 2688 vulgatus
512 2611 582 2669 ordo
596 2622 718 2670 narrate
734 2608 784 2681 rei,

257 2707 366 2767 Omnes
380 2709 515 2780 scierunt,
529 2708 679 2768 numinum
694 2706 876 2785 presentiam

257 2805 325 2864 Vati
339 2805 451 2864 dedisse
462 2807 549 2864 vitam
563 2805 702 2864 mercedis
714 2805 790 2864 ioco.

417 2903 642 2980 Epilopus-ad
656 2902 889 2960 Particulonem.

258 2999 374 3059 Anuuc
390 3010 541 3078 supersunt
554 2999 655 3071 multa,
671 3017 737 3076 quae
752 2998 858 3077 possim
873 2995 965 3074 loqui,

209 3189 216 3204 Ι
241 3121 244 3130 “
290 3129 339 3193 ¹³⁴¹]
360 3135 375 3158 '‘
387 3147 417 3179 ne
429 3145 522 3195 prorsus
539 3129 651 3180 alienaret
660 3129 814 3187 hominem,a
829 3145 876 3194 quo
887 3127 976 3176 malam
988 3135 1053 3177 retu·

256 3207 314 3256 lerat
324 3207 449 3272 gratiam.”
465 3207 554 3257 onon.
