2286 3696
247 239 286 296 20
362 257 496 297 rumoni
513 255 717 298 renununuru
734 255 925 297 usofrunuru

247 383 365 443 Alveolo
379 386 467 465 coepit
480 385 575 464 ligneo
588 387 774 464 conspergere

249 483 379 540 Humum
394 469 576 553 aestuantem,
589 502 671 542 conre
683 481 809 540 officium
817 481 975 562 jactitans;
987 471 1042 540 ‘os'n

245 578 305 638 Sed
318 579 471 650 deridetur.
514 579 585 638 lnde
598 579 673 639 notis
686 577 809 638 flexibus

247 676 398 735 Praecurrit
412 676 498 736 alium
514 677 542 734 in
558 685 685 756 xystum,
698 677 801 736 sedans
815 676 970 755 pulverem.

247 773 386 851 Agnoscit
402 773 545 834 hominem
559 774 668 844 Cacsar,
682 792 798 851 remque
812 763 955 852 intelligit.

248 869 283 927 ld
297 880 328 928 ut
342 870 453 948 putavit
466 889 527 930 esse
540 870 636 930 nescio
650 869 812 948 quidboni,

247 975 266 1000 “
285 967 396 1038 Hens‚”
411 967 504 1045 inquit
517 967 669 1038 dominus;
691 966 737 1026 ille
752 961 894 1026 enimvero
906 965 1013 1039 adsilit,

250 1063 422 1134 Donationis
436 1063 530 1124 alacer
544 1075 630 1124 certae
645 1063 769 1142 gaudi03
872 1127 874 1136 ¹

247 1161 319 1218 Tum
336 1161 377 1219 sic
386 1161 485 1241 jocata
499 1171 542 1220 est
553 1170 636 1220 tanta
649 1161 783 1241 majestas
796 1159 897 1220 ducis:

248 1265 267 1292 “
284 1259 350 1315 Non
365 1257 455 1318 multo
469 1259 562 1337 egisti,
577 1270 606 1318 et
620 1277 706 1338 opera
720 1257 914 1336 nequidquam
928 1257 999 1337 perit
1009 1259 1032 1327 ;’

250 1354 345 1413 Multo
359 1354 473 1433 majoris
488 1355 580 1434 alapae
594 1374 706 1414 mecum
718 1355 890 1431 'veneunt'fl

374 1451 589 1531 VL-Aquila,
608 1452 727 1523 Coruin,
742 1461 771 1510 et
789 1449 923 1510 Testudo.
983 1491 987 1498 ·

250 1549 380 1608 Connus
396 1559 526 1628 potentes
538 1568 623 1608 nemo
639 1557 683 1608 est
694 1547 821 1608 munitus
835 1548 923 1608 satis:
1000 1539 1042 1607 s'oo

250 1646 282 1704 Si
297 1665 363 1705 vero
378 1646 497 1706 accessit
511 1646 675 1705 consiliator
688 1645 844 1716 maleficus,

251 1743 302 1802 Vis
315 1753 345 1802 et
359 1743 487 1821 nequitia
502 1742 640 1822 quicquid
655 1751 834 1823 oppugnant,
849 1741 914 1801 ruit.

291 1838 398 1917 Aquila
412 1839 441 1900 in
455 1838 577 1898 sublime
591 1839 707 1898 sustulit
720 1837 903 1910 testudinem,

251 1936 325 2003 Quae
339 1955 428 2013 quum
442 1935 598 1994 abdidisset
611 1954 716 1996 cornea
729 1935 940 2016 corpusdomo,
1020 1927 1023 1936 Δ

253 2032 315 2091 Nec
328 2032 387 2092 ullo
401 2043 486 2111 paeto
501 2032 567 2091 laedi
582 2042 678 2111 posset
691 2033 818 2104 condita,
1001 2050 1041 2092 son

251 2131 340 2189 Venit
353 2149 404 2208 per
417 2149 501 2200 auras
514 2131 624 2203 cornix,
640 2139 668 2189 et
682 2140 797 2210 propter
810 2130 919 2202 volans,

252 2236 271 2261 “
288 2227 423 2306 Opimam
437 2246 506 2286 sane
519 2226 647 2306 praedam
661 2228 781 2307 rapuisti
794 2227 949 2306 unguibus,

253 2324 312 2384 Sed
326 2324 381 2383 nisi
393 2321 551 2384 monstraro
565 2323 634 2402 quid
649 2323 686 2383 eit
699 2324 862 2384 laciendum
876 2322 939 2397 tibi,

253 2421 340 2482 Gravi
354 2422 546 2501 nequicquam
560 2431 590 2481 te
603 2421 723 2481 lassabis
737 2421 891 2499 pondere.’'
979 2461 981 2466 ,

254 2519 398 2578 Promissa
410 2529 501 2598 parte,
516 2517 619 2577 suadet
632 2527 665 2576 ut
678 2517 827 2597 scopulum
842 2536 927 2597 snper
992 2501 1044 2581 ¹iro

253 2615 328 2675 Altis
342 2616 379 2675 ab
393 2616 474 2676 astris
486 2615 589 2675 duram
603 2614 696 2674 illidat
709 2615 856 2686 coiticem,

255 2712 323 2779 Qua
335 2709 521 2784 comminuta,
535 2711 620 2771 facile
633 2722 764 2771 vescatur
778 2712 853 2770 cibo.

255 2809 378 2868 Inducta
390 2809 481 2868 verbis
495 2809 602 2888 aquila,
618 2808 732 2867 monitis
747 2807 850 2887 paruit.

255 2906 348 2964 Simul
362 2916 392 2966 ct
404 2907 547 2984 magistra
561 2907 639 2984 large
654 2906 749 2965 divisit
762 2905 877 2984 dapem.

288 3048 317 3080 ⁴⁵⁶
333 3049 479 3113 Donationis]
495 3049 547 3099 scil.
562 3047 747 3106 libertatis..—⁴⁸⁹
762 3048 853 3114 Alnpae]
867 3049 960 3116 alapam
973 3009 1048 3122 dnliat

256 3127 373 3177 Dominus
388 3143 442 3176 curn
459 3142 550 3176 servum
565 3125 743 3176 liberaret-⁴⁷⁴
760 3126 890 3192 Magistra]
905 3143 974 3178 corvo
990 3145 1046 3194 qnae

255 3204 365 3254 rationem
376 3203 494 3261 docuerat,
507 3219 554 3269 qna
564 3202 655 3253 testudo
666 3212 794 3254 necantur.
