2286 3696
244 205 280 260 38
352 220 487 260 rrrmnru
501 219 709 264 FABULARUM
727 221 929 262 msorrureuur

244 347 351 426 Rogati
365 366 433 406 mox
447 346 618 424 aquodam,
632 346 738 410 delicio
752 342 807 410 suo

243 445 390 514 Quidnam
404 444 551 515 fecissent,
565 444 621 503 hoc
636 445 750 522 loquuti
761 453 831 506 sunt
844 443 948 506 modo:

245 550 265 578 ‘⁸
282 542 411 602 Putabat
425 562 456 600 se
469 551 668 620 postmortem
683 560 816 600 securum
828 541 899 612 fore,

246 640 323 699 Ecce
337 640 402 708 aliea
417 639 513 718 plagae
527 648 723 716 congeruntur
736 639 878 700 mortu0.”
1007 659 1050 703 sia

568 737 721 812 Epiloyus.

245 836 445 898 Surrusuur
460 832 531 892 mihi
545 853 612 910 quse
625 833 759 902 scribam,
770 831 820 892 sed
832 851 919 911 pareo
932 830 1049 899 scieus;
1131 877 1132 886 ,

246 930 376 989 Primum
390 949 452 990 esse
464 949 501 990 ne
516 930 568 989 tibi
583 930 680 990 videar
693 929 848 1002 molestior,

248 1027 403 1106 Distringit
415 1047 502 1105 quern
517 1027 672 1086 multarum
687 1046 782 1086 rerum
796 1027 941 1088 varietas:
1024 1045 1027 1054 ¹

247 1124 324 1183 Dein
338 1123 362 1182 si
376 1124 441 1202 quis
455 1124 556 1183 eadem
570 1123 644 1183 forte
657 1123 755 1184 conari
771 1125 848 1194 velit,

248 1221 362 1306 Habere
376 1229 409 1278 ut
420 1221 511 1299 possit
525 1220 636 1298 aliquid
649 1221 743 1299 operis
757 1221 875 1282 residui.
1009 1242 1054 1286 9²0
1135 1212 1136 1230 ¹

247 1318 388 1388 Quamvis
401 1329 514 1378 uaturae
528 1329 612 1378 tanta
626 1318 757 1378 abundet
770 1319 864 1398 copia,

248 1411 350 1470 Labori
363 1412 443 1472 faber
455 1421 489 1470 ut
502 1411 586 1482 desit,
601 1431 659 1472 non
673 1411 756 1472 fabro
769 1412 860 1472 labor.

248 1507 399 1567 Brevitati·
414 1520 519 1568 nostrae
532 1508 685 1586 praemium
700 1517 733 1566 ut
749 1508 864 1580 reddas,
879 1518 958 1587 peto,

247 1604 335 1672 Quod
347 1625 377 1664 es
392 1605 545 1684 pollicitus.
589 1604 702 1664 Exhibe
715 1605 793 1665 vocis
805 1606 909 1674 fidem:
994 1613 997 1625 ⁴

249 1703 327 1760 Nam
340 1701 400 1761 vita
413 1702 498 1761 morti
512 1701 627 1780 propior
639 1711 683 1760 est
696 1702 843 1780 quotidie}
1014 1721 1056 1769 ore

250 1797 288 1856 Et
301 1798 357 1857 hoc
372 1798 468 1856 minus
481 1798 627 1878 perveniet
639 1797 676 1856 ad
693 1819 737 1856 me
750 1797 884 1865 muneris.

249 1897 316 1962 Quo
329 1894 395 1974 plus
408 1905 560 1954 consumet
575 1895 710 1974 temporis
725 1895 836 1954 dilatio.

250 1991 282 2049 Si
295 1990 352 2051 cito
367 2010 427 2051 rem
441 2011 572 2070 perages,
588 2013 658 2050 usus
672 1992 722 2050 fiet
736 1993 867 2070 longior:

250 2089 342 2147 Fruar
355 2088 474 2159 diutius,
490 2088 514 2148 si
527 2088 647 2148 celerius
662 2109 785 2168 coepem.

251 2184 427 2264 Languentis
442 2185 494 2246 aevi
510 2185 579 2244 dum
593 2194 663 2245 sunt
678 2185 783 2263 aliquae
798 2186 939 2264 reliquiae,
1014 2207 1057 2250 oso

251 2281 368 2340 Auxilio
382 2281 465 2340 locus
479 2291 543 2342 est:
566 2281 635 2340 olim
650 2282 730 2340 senio
744 2282 869 2342 debilem

250 2379 368 2438 Frustra
380 2378 519 2458 adjuvare
532 2378 647 2439 bonitas
663 2379 768 2438 nitetur
781 2388 842 2450 tua,

251 2478 351 2543 Quum
362 2476 426 2556 jam
441 2474 558 2548 desierit
571 2495 633 2534 esse
647 2475 788 2534 beneficio
804 2474 892 2547 utilis,

251 2573 290 2631 Et
304 2592 380 2631 mors
394 2571 488 2632 uicina
502 2571 644 2650 flagitabit
658 2571 799 2630 debitum.

251 2669 379 2728 Stultum
394 2669 546 2728 admovere
561 2668 612 2726 tibi
630 2688 727 2747 preces
742 2668 914 2740 sexcenties,
1013 2687 1056 2734 osu

251 2766 390 2830 Proclivis
406 2767 481 2826 ultro
496 2786 586 2846 quum
600 2766 638 2826 sit
651 2766 856 2825 misericordia.

251 2864 338 2942 Saepe
351 2863 514 2943 impetravit
526 2863 639 2922 veniam
653 2863 803 2922 consessus
816 2883 903 2932 reus;

281 3023 313 3054 ⁹¹¹
329 3023 419 3070 Delioio
429 3023 481 3086 suo]
496 3038 557 3072 carra
570 3038 620 3071 suae
633 3021 789 3072 bestias—⁰¹⁵
805 3025 865 3072 Alie
875 3023 962 3087 plage]
973 3021 1052 3089 plage

250 3099 355 3166 percussi
365 3097 542 3164 tympani-”⁴
553 3099 647 3156 Eulile,
658 3099 713 3163 dra]
725 3108 829 3148 monstra
843 3100 912 3149 fidem
925 3099 977 3166 ejus
988 3100 1053 3168 quod

250 3176 353 3226 dixeras.
379 3219 384 3226 .
