2286 3696
218 205 262 263 '44
330 217 909 261 rnmnnrnnuunnnuu*nsormnum

215 347 348 428 »Capacis
362 347 420 407 alvi
433 346 535 407 ilre'rsit'
544 353 666 406 tartareo
681 359 779 425 specu.

262 444 474 523 Quemcunque
489 442 630 523 populum
644 443 732 502 tristis
746 443 866 503 eventus
881 443 995 523 premit,

222 541 404 602 Periclitatur
418 541 588 618 magnitudo
603 540 777 619 principum,

223 638 340 698 Minuta
354 638 454 716 plebes
469 637 547 696 sacili
561 637 695 716 praesidio
711 636 791 697 latet.
937 635 940 642 ’
969 659 1027 700 roro

523 736 725 794 VL-Po'etut
1010 731 1014 740 ¹

221 832 269 894 Tu
285 832 345 910 qui,
360 841 473 900 nasute,
484 831 594 911 scripta
607 830 761 909 destringis
776 851 852 903 mea,

222 928 261 986 Et
274 929 330 987 hoc
340 928 474 1008 jocorum
489 928 584 1007 legere
598 928 711 988 fastidis
725 948 827 1005 genus,
891 951 893 958 ’
915 975 917 980 .

223 1024 329 1083 Parum
345 1024 475 1084 libellum
488 1026 597 1085 sustine
611 1025 763 1104 patientia,

224 1122 412 1182 Severitatem
427 1122 528 1180 frontis
541 1123 610 1181 dum
627 1122 711 1200 placo
722 1123 794 1193 tuse,

225 1221 265 1279 Et
279 1220 309 1277 in
323 1219 472 1285 cothurnis
487 1219 582 1297 prodit
597 1221 722 1298 AEsopus
735 1219 825 1278 novis.
973 1239 1027 1282 rore

224 1316 342 1378 Utinam
353 1336 412 1378 ,nec
425 1335 565 1393 umquam
579 1315 791 1376 Peliine'moris
800 1315 874 1394 jugo
886 1315 888 1318 ’

224 1413 315 1472 Pinus
327 1413 444 1493 bipenni
459 1413 632 1472 concidisset
644 1413 783 1472 Thessala
797 1433 805 1471 :

225 1511 287 1570 Nec
302 1511 339 1570 ad
353 1510 488 1590 professos
504 1511 601 1569 mortis
614 1509 753 1569 audacem
767 1509 843 1568 vium

225 1605 405 1666 Fabricdsset
419 1608 517 1684 Argus
528 1626 615 1686 opere
629 1605 762 1664 Palladio
777 1607 877 1676 iatem3

225 1704 515 1785 Inhospitalisprima
528 1723 595 1788 quoe
611 1703 696 1762 Ponti
712 1703 790 1761 sinus
972 1721 1024 1761 roeo

225 1800 377 1874 Patefecit,
392 1803 421 1859 in
436 1801 590 1880 perniciem
605 1799 736 1873 Graium,
750 1810 781 1859 et
795 1799 965 1858 Barbarum.

224 1896 360 1976 Namque
374 1909 404 1958 et
418 1897 531 1977 superbi
546 1897 626 1975 luget
639 1898 733 1955 AEetoe
748 1897 864 1968 domus,

226 1994 265 2052 Et
279 2014 367 2073 regna
382 1995 471 2053 Pelioe
486 1994 591 2053 scelere
606 1994 721 2053 Medeoe
730 1994 841 2074 jacent,

225 2090 435 2161 Quse,.saevur'n
446 2091 595 2169 ingenium
611 2091 694 2150 variis
709 2089 856 2150 involvens
870 2089 974 2162 modis,

226 2187 289 2248 lllic
302 2197 444 2268 perartus
458 2187 554 2246 fratris
567 2187 707 2266 explicuit
718 2187 831 2265 sugam,
874 2189 876 2196 '
969 2187 1021 2248 rud

226 2285 284 2345 Hic
298 2286 379 2345 caede
393 2285 482 2364 patris
496 2284 649 2344 Peliadum
665 2285 764 2345 infecit
777 2283 899 2344 munus.¹

220 2381 305 2449 ,Quid
315 2381 370 2441 tibi
382 2381 516 2440 videtur?
537 2381 592 2440 hoc
607 2401 725 2459 quoque
740 2381 880 2440 insulsum
896 2387 951 2450 est,
967 2379 1020 2450 ais,

224 2479 368 2556 Falsoque
382 2478 504 2549 dictum,
519 2477 605 2556 longe
621 2479 689 2556 quia
703 2477 842 2538 vetustior

223 2577 319 2654 =AEgea
332 2575 429 2634 Minos
442 2574 534 2636 classe
548 2575 710 2654 perdomuit
724 2575 808 2646 fretu,

224 2673 242 2731 J
246 2682 367 2750 ustoque
381 2671 537 2730 vindicavit
550 2670 681 2751 exemplo
695 2671 844 2750 impeturn.
970 2673 1023 2736 '1090

225 2767 305 2843 Quid
319 2787 387 2845 ergo
401 2787 518 2846 possum
531 2768 624 2828 facere
637 2767 700 2841 tibi,
716 2767 806 2827 lector
820 2768 906 2839 Cato,

226 2867 258 2927 Si
273 2886 327 2926 nec
340 2867 455 2926 labellee
469 2873 497 2926 te
505 2867 622 2946 juvant,
638 2886 692 2927 nec
706 2866 837 2927 fabulosi
881 2868 883 2872 ’

228 2963 297 3025 Noli
310 2963 449 3022 molestus
464 2983 526 3024 esse
540 2965 657 3024 omnino
671 2963 769 3036 literis,

259 3094 296 3126 ¹⁰⁷¹
318 3091 416 3155 Narone]
433 3092 633 3143 fastidiose—¹⁰⁹¹
654 3093 723 3157 Caro]
739 3094 841 3144 Catones
858 3092 969 3143 dicuutur
984 3093 1026 3158 qui

227 3169 312 3221 morosi
320 3179 345 3220 et
356 3169 430 3220 severi
441 3169 512 3218 nimis
523 3179 586 3220 sunt.
