2298 3684
251 250 308 307 114
548 265 746 310 sannanim.
765 295 767 306 .

250 395 323 455 Nou
335 404 379 454 est
388 403 483 466 tuum,
498 393 626 454 Fortuna
640 395 719 473 quod
733 396 806 456 fecit
817 407 911 458 tuum.

249 492 318 552 Non
331 491 416 552 facile
429 491 466 550 de
481 492 638 552 Innocente
650 492 759 553 crimen
771 495 901 573 lingitur.

249 592 316 651 Non
332 589 416 650 facile
428 588 506 648 solus
520 605 624 664 serven
638 590 716 669 quod
726 589 833 652 moltis
845 589 966 673 placet.¹

250 687 318 748 Non
331 687 410 747 novit
422 687 510 746 virtus
523 685 682 746 calamitati
694 687 808 749 cadere.
843 707 845 714 ·
1005 715 1048 753 aas

250 787 320 846 Non
334 794 402 865 pote
415 803 473 843 non
487 783 598 863 sapere,
609 785 661 864 qui
674 805 704 845 se
719 785 842 847 stultum
856 787 1000 868 intelligit.

250 884 317 943 Non
332 902 420 961 quam
434 881 531 942 multis
543 882 671 963 placeas,
685 884 737 943 sed
752 884 895 962 qualibus,
909 886 1005 946 stude.

250 981 319 1040 Non
333 997 444 1059 semper
458 997 555 1038 aurem
570 977 684 1040 facilem
699 980 789 1040 habet
802 982 935 1043 felicitas.

251 1078 318 1138 Non
333 1077 464 1147 vincitur,
479 1076 530 1136 sed
543 1077 634 1140 vincit
645 1077 697 1157 qui
711 1078 790 1139 cedit
802 1080 872 1139 suis.

251 1174 342 1234 Nulla
354 1174 502 1234 hominum
514 1173 608 1254 major
616 1191 704 1254 poena
713 1186 767 1248 est,
778 1195 867 1255 qnam
878 1177 1043 1238 infelicitas.

251 1270 333 1331 Nulli
346 1270 459 1332 facilius
471 1289 559 1350 quam
573 1271 650 1332 malo
664 1273 790 1333 invenies
804 1295 912 1354 parem.
950 1306 952 1315 ι

252 1368 334 1428 Nulli
347 1368 477 1449 impones
490 1368 569 1447 quod
583 1369 643 1448 ipse
656 1369 728 1430 ferre
742 1389 800 1430 non
814 1391 914 1450 queas.
1012 1413 1015 1419 -

252 1465 342 1526 Nullo
356 1465 385 1524 in
400 1466 464 1525 loco
477 1465 554 1525 male
567 1466 650 1526 audit
662 1467 863 1528 misericordia.

251 1563 374 1624 Nullum
389 1563 453 1624 sine
467 1572 538 1622 teste
553 1564 697 1643 putaveris
712 1583 764 1624 suo
777 1563 885 1624 locum.

251 1661 372 1720 Nullum
388 1660 449 1720 sine
462 1670 677 1720 anactoramento
691 1671 736 1721 ast
749 1679 887 1740 magnum
901 1661 1022 1722 malum.
1133 1667 1134 1670 ’

251 1757 359 1817 Nullus
371 1755 683 1836 sapientum‘proditori
696 1758 827 1818 credidit.
927 1796 929 1804 ‚

252 1856 411 1932 Nunquam¹
423 1854 536 1914 facilius
549 1854 646 1934 culpa,
660 1873 747 1932 quam
761 1856 791 1914 in
804 1858 889 1916 turba
903 1857 983 1917 latet.

252 1952 412 2029 Nunquam
426 1971 484 2012 non
496 1951 634 2012 miserest
644 1952 795 2030 qui‚quod
805 1954 915 2025 timeat,
925 1954 1044 2032 cogitat.
1133 1989 1134 2044 q

254 2050 428 2115 Nunquam
443 2048 582 2129 periclum
595 2050 656 2110 sine
669 2049 777 2128 periclo
791 2051 923 2124 vincitur.

253 2147 411 2224 Nunquam
423 2147 494 2206 satis
505 2155 559 2219 est,
574 2147 653 2226 quod
666 2146 881 2227 improbae'spei
896 2149 991 2209 datus.
1007 2169 1049 2209 sou

253 2243 412 2322 Nunquam
426 2263 525 2303 secura
538 2253 583 2320 est
596 2262 685 2324 prava
698 2244 883 2304 conscientia.

252 2341 411 2420 Nunquam
425 2340 476 2400 ubi
489 2340 539 2399 diu
553 2341 609 2400 fuit
621 2341 706 2420 ignis,
721 2341 820 2402 delicit
831 2361 929 2422 vapor.

252 2438 453 2506 Oasaau1un
469 2449 568 2516 nuptae
583 2439 641 2500 cito
656 2441 690 2499 fit
703 2439 802 2499 odium
817 2441 937 2518 pellicis.

252 2534 395 2597 Occasio
409 2555 487 2615 aegre
500 2534 627 2608 offertur,
642 2536 727 2597 facile
741 2537 890 2596 amittitur.

253 2633 377 2694 Occasio
389 2643 520 2714 receptus
531 2634 664 2694 difficiles
678 2633 777 2694 habet.
1008 2657 1050 2696 sos

252 2730 354 2791 Occidi
370 2732 531 2811 pulchrum,
545 2732 596 2791 ubi
609 2747 676 2792 cum
689 2732 846 2810 ignominia
859 2731 973 2791 servias.

252 2827 340 2898 Odia,
355 2829 412 2888 alia
425 2827 480 2888 sub
493 2829 586 2901 vultu,
601 2829 659 2888 alia
673 2830 726 2890 snb
738 2829 838 2889 osculo
852 2829 953 2889 latent.

253 2925 390 2986 Officium
404 2925 534 2985 benevoli
548 2925 636 2986 animi
649 2927 737 2986 finem
751 2945 809 2985 nou
825 2927 923 2986 habet.

252 3023 371 3083 Ounno
386 3041 472 3102 aequo
485 3022 582 3082 animo
593 3032 707 3102 parent,
720 3022 801 3100 digni
816 3023 865 3082 ubi
879 3024 1031 3102 imperant.

252 3121 347 3181 Omne
359 3120 459 3179 vitium
473 3139 585 3199 semper
597 3121 686 3180 habet
695 3120 889 3200 ¹patrocinium
903 3141 999 3181 sunm.

253 3216 356 3276 Omnis
368 3216 430 3276 dies
443 3215 522 3280 velut
535 3216 654 3276 ultimus
666 3217 843 3278 ordinandus
856 3227 909 3277 est.
