2298 3684
253 209 292 268 74
580 225 716 266 runnu

254 353 289 415 Si
301 353 407 436 prodat
418 353 493 428 aliis,
505 355 610 416 trasna
623 366 689 435 post
697 355 855 416 *des'slerat

435 453 695 512 fille-Sistens
707 463 738 513 et
754 457 863 531 Vulpis.

255 547 417 612 Rosam
431 550 556 630 Vulpem
571 552 690 622 Simius,
702 551 806 610 candae
820 571 881 610 aare

255 645 515 726 Demagnitodine
527 647 685 727 aliquidat
699 649 858 720 animm,
1138 671 1139 698 l

256 741 349 804 taces
360 743 526 824 velareqno
538 756 635 824 posset
647 746 837 824 turpissimas.
999 767 1053 806 πω

255 845 275 874 “
286 838 367 908 Quid
380 841 488 914 enim,”
500 843 605 922 inquit,
617 850 637 876 ‘⁶
649 841 745 901 canda
757 851 850 900 tanta
862 840 1055 918 longitudinis

255 933 401 998 Prodest?
422 959 481 1018 quo
493 949 607 998 tantum
619 939 733 1017 pondus
742 959 793 1017 per
804 949 909 998 terram
918 938 1010 997 trabis
1020 937 1054 995 Γ

256 1031 313 1093 Oai
326 1033 448 1115 Vulpis:
471 1043 491 1070 ⁶⁶
507 1037 593 1096 Esset
606 1035 738 1114 quamvis
750 1035 800 1093 illa
812 1035 935 1113 longior,

257 1129 412 1216 Majorque
425 1133 527 1203 multo,
541 1133 656 1192 mallem
669 1153 720 1210 per
731 1142 836 1190 terram
848 1141 878 1190 et
892 1131 989 1189 lotum

256 1229 421 1310 spinasque
434 1228 556 1300 trahere,
570 1249 659 1307 quam
671 1239 781 1307 partem
794 1227 849 1286 tibi
860 1227 939 1299 dare,
1003 1246 1057 1287 ross

257 1326 327 1388 Meo
339 1347 376 1386 ne
388 1327 514 1405 tegmine
526 1325 640 1385 videare
652 1325 832 1404 pulchrior.’'

297 1425 399 1495 Arare,
413 1433 443 1484 te
456 1423 562 1483 labella
574 1423 650 1496 lsoec,
664 1435 694 1482 et
708 1421 846 1500 locuples,
860 1431 969 1494 monet,

258 1520 327 1597 Qui,
342 1520 474 1602 quamuis
487 1530 627 1599 superest,
641 1520 682 1578 nil
695 1528 794 1577 tamen
805 1517 859 1576 das
871 1518 1001 1597 panpmi.

355 1619 637 1695 filil-Lupus,
652 1617 765 1674 Pastor
777 1625 806 1674 et
823 1618 957 1674 Venator.

258 1715 362 1786 Quusr
377 1715 551 1776 venatorem
563 1715 676 1792 lugeret
690 1715 845 1771 instantem
860 1712 971 1792 Lupus,

258 1811 298 1872 Et
311 1831 330 1873 a
343 1812 462 1872 Pastore
476 1810 553 1870 visus
567 1828 627 1888 qua
640 1819 721 1888 parte
735 1809 847 1886 fugeret
1001 1823 1055 1868 saco

259 1909 299 1969 Et
313 1929 372 1988 quo
386 1907 567 1968 reconderet
581 1907 655 1978 loco,
669 1905 772 1984 plenus
786 1915 887 1964 metu:

258 2011 277 2040 ⁶⁶
293 2003 404 2065 Omnes
417 2023 477 2085 per,
492 2023 542 2063 oro
554 2013 593 2077 te,
609 2003 750 2073 Bubulce,
765 2021 831 2081 spes
844 2012 920 2075 tuas,

259 2101 305 2161 Ne
318 2101 423 2181 prodas
439 2101 632 2174 innocentem,
649 2098 696 2158 cui
712 2089 784 2156 nibil
798 2099 867 2158 mali

260 2197 372 2259 Fecisse
387 2215 444 2270 tne,
458 2217 509 2276 per
522 2215 642 2275 magnos
655 2197 758 2277 adjuro
773 2197 885 2256 Deos.”

260 2299 280 2330 ‘⁶
297 2292 366 2354 Noli
381 2293 510 2366 timere,''
525 2292 629 2352 Pastor
642 2292 745 2371 inquit,
755 2299 775 2329 ⁶⁶
791 2293 910 2352 alteram
1002 2308 1054 2353 roos

260 2389 432 2452 Monstrabo
446 2391 587 2469 partem.’'
630 2391 702 2449 Mox
717 2391 845 2450 Venator
859 2390 992 2450 advolat:

259 2493 279 2524 ⁶⁶
297 2488 364 2549 Non
378 2487 437 2549 huc
452 2488 558 2559 venire,
574 2487 685 2559 Pastor,
701 2487 795 2546 vidisti
811 2487 948 2565 lupum?

259 2585 328 2654 Qua
341 2597 422 2666 parte
436 2585 550 2664 rugitu
577 2585 633 2644 Cui
646 2584 767 2653 Pastor3
797 2591 817 2618 ⁶⁶
834 2583 922 2644 Venit
935 2581 1051 2663 quidem
1138 2581 1139 2612 l

260 2681 319 2743 Sed
335 2683 409 2743 laeva
424 2681 527 2761 fugit,’'
543 2699 614 2742 voce
625 2681 699 2740 dixit
713 2681 849 2753 maxima,

260 2777 301 2838 At
314 2778 406 2838 oculis
420 2778 494 2839 clam
509 2777 642 2856 designat
655 2787 764 2857 partem
778 2777 937 2837 dexteram.
1001 2797 1056 2840 suo

261 2873 331 2935 Non
345 2875 486 2936 intellexit
500 2876 547 2936 ille
561 2885 591 2935 et
604 2875 746 2935 festinans
760 2876 832 2934 abit.

262 2971 343 3052 Lupo
356 2984 427 3033 tunc
442 2973 563 3032 Pastor:
585 2980 606 3007 ‘⁶
619 2972 701 3040 Quas
714 2971 835 3031 habebis
849 2972 956 3049 gratias

261 3069 349 3140 Quod
362 3077 391 3131 te
405 3067 522 3130 cellum
532 3070 625 3128 l''-⁶⁶
638 3069 783 3130 Maximae
797 3069 905 3148 linguae
918 3067 1009 3141 tuoe,”

262 3165 360 3248 Lupus
375 3173 394 3203 ⁶⁶
411 3167 487 3246 ago”
502 3167 587 3240 dixit,
603 3173 624 3204 ⁶⁶
640 3177 672 3226 at
684 3167 775 3226 oculis
788 3166 940 3227 fallacibus
