2298 3684
290 244 463 285 nernnorx
480 243 694 284 rusunaaun.
849 227 887 282 73

94 369 156 430 Sed
170 379 280 449 partem
295 383 328 429 ut
341 380 449 448 captes.
481 367 595 428 Fraude
609 368 679 446 quid
693 377 784 448 petas,
799 367 888 427 scio.'’

96 469 176 526 Irata
190 467 294 546 Vulpis
309 466 346 526 ad
361 467 456 525 ovium
471 476 614 545 pastorem
627 465 699 536 adit,
840 485 890 522 iseo

96 571 116 598 ‘⁸
134 564 259 641 Agesne,
272 563 398 642 pastor,’'
413 563 517 641 inquit,
532 569 552 597 “
567 562 673 640 gratias
683 561 764 633 mihi,
883 569 885 574 '

98 661 250 720 Inimicum
264 661 288 720 si
302 661 446 720 tradidero
459 660 545 720 hodie
559 661 652 738 gregis
666 661 718 732 tui,

97 758 139 816 Ut
153 778 301 837 nunquam
317 758 355 817 sis
368 757 495 817 solicitus
506 757 537 816 ?'’
569 757 692 816 Pastor:
725 763 744 789 “
762 756 889 815 Serviarn

95 854 191 927 Tibi,''
205 853 308 932 iuquit,
324 861 343 888 “
360 855 484 914 tribuam
498 864 527 914 et
541 854 679 932 quicquid
694 853 817 913 volueris
829 853 874 912 lu·
889 875 891 884 ¹

219 951 319 1010 bens.'’

98 1047 203 1106 Cubile
218 1057 358 1107 monstrat
371 1048 420 1107 illa
430 1047 546 1107 'Pastori
562 1047 644 1127 Lupi.
842 1067 892 1105 182⁵

100 1143 161 1212 Qui
176 1144 307 1204 clausum
322 1145 451 1224 protinus
464 1144 584 1224 peremit
597 1145 698 1204 lancea

100 1241 140 1300 Et
154 1240 284 1319 gaudens
298 1242 334 1301 de
348 1241 442 1301 alieno
455 1241 593 1300 saturavit
607 1240 752 1301 aemulam.

100 1339 141 1396 Ut
155 1357 220 1397 vero
235 1338 338 1417 Vulpis
352 1339 382 1396 in
395 1349 533 1398 venantes
546 1338 657 1411 incidit,

100 1434 252 1513 Deprensa
265 1435 386 1496 canibus
399 1445 429 1494 et
441 1435 561 1507 laniata,
576 1435 618 1494 sic
633 1436 693 1494 ait:

99 1539 120 1565 ‘⁴
138 1531 215 1590 Dedi
229 1532 276 1590 vix
292 1530 372 1591 alteri
386 1531 506 1604 malum,
521 1532 622 1611 etjam
636 1531 768 1610 punior.''
842 1553 893 1590 roso

138 1627 250 1687 Timere
265 1628 350 1688 debet
363 1629 494 1706 quisquis
507 1628 554 1687 alii
568 1629 689 1688 sustinet

100 1726 223 1797 Nocere,
236 1727 319 1806 pejus
332 1725 385 1803 ipsi
399 1746 436 1785 ne
449 1726 562 1784 eveniat
575 1725 693 1785 malum.

322 1823 530 1881 XXI.-Oves
545 1831 574 1880 et
588 1825 675 1900 Lupi.

101 1918 188 1977 Oves
206 1919 334 1997 Lupique
348 1939 437 1995 quum
452 1916 611 1978 certdssent
623 1919 734 1997 praelio,

100 2016 163 2075 Illae
178 2016 316 2087 vicerunt,
331 2025 402 2075 tutae
416 2015 549 2094 praesidio
563 2016 688 2075 Cenum.

100 2113 174 2192 Lupi
189 2113 298 2191 legatos
312 2113 441 2183 mittunt,
455 2123 484 2171 et
494 2114 603 2192 justam
618 2123 722 2194 petunt
842 2133 892 2174 reas

101 2209 169 2268 Hac
183 2210 246 2287 lege
259 2229 371 2289 pacem,
386 2223 417 2267 ut
429 2208 567 2268 dederent
582 2210 658 2269 Oves
673 2211 779 2282 Canes,

99 2305 139 2365 Et
150 2307 264 2366 obsides
279 2307 423 2385 Luporum
438 2306 550 2365 catulos
563 2307 732 2386 reciperent.

101 2403 190 2475 Oves,
205 2415 339 2463 aeteruam
357 2404 397 2463 sic
412 2413 558 2482 sperantes
573 2404 695 2481 gratiam

103 2499 184 2571 miri,
197 2500 308 2560 faciunt
322 2501 400 2578 quod
415 2512 610 2579 poposcerunt
624 2501 707 2578 Lupi.

102 2597 174 2656 Post
188 2596 285 2675 paullo
299 2617 389 2675 quum
403 2600 555 2675 caepissent
569 2597 678 2656 ululare
692 2594 791 2668 catuli,
848 2616 898 2653 raso

102 2693 190 2773 Lupi,
203 2695 299 2754 necari
311 2704 462 2754 causantes
476 2704 559 2753 natos
573 2713 651 2764 suos,

102 2792 269 2870 Pacemque
282 2800 397 2869 ruptam
411 2793 448 2850 ab
463 2790 583 2862 Ovibus‚
601 2789 728 2868 undique
743 2789 850 2867 irnpetu

102 2887 249 2948 invadunt
262 2887 340 2947 facto
354 2887 446 2947 nudas
460 2886 674 2952 defensoribus:

103 2986 205 3044 Fidem
220 3005 286 3062 quae
301 2984 397 3044 stultae
411 2984 490 3062 quod
504 2985 666 3043 habuerunt
679 2983 821 3055 hostibus,

103 3082 266 3143 Consilium
277 3102 340 3141 sera
353 3082 473 3141 damnat
485 3082 663 3161 poenitentia.
847 3099 897 3136 ress

143 3179 325 3252 Praesidium,
341 3199 398 3257 quo
413 3180 477 3258 quis
491 3179 559 3240 olim
574 3190 653 3239 tutus
669 3179 787 3248 vixerat,
