2286 3696
237 215 275 270 50
352 231 488 270 rursum
506 228 710 273 raoutanurs
728 231 922 272 msorraaurr

237 358 410 438 Novumque
424 359 518 430 venire
533 359 583 436 qui
597 358 685 429 videt,
699 359 798 428 cuium
813 358 922 420 olfacit.

414 458 444 516 X
451 458 658 520 VIL-Hooro
672 467 702 518 et
720 458 858 518 Colubru.

238 552 304 620 Qur
318 553 372 612 fert
387 554 470 612 malis
483 554 634 625 auxilium,
649 565 714 632 post
727 563 841 632 tempus
855 553 944 615 dolet.

279 649 355 710 Gelu
370 651 509 728 rigentem
523 651 642 728 quidam
657 651 814 712 Colubram
829 650 955 723 sustulit,
987 673 1041 711 reso

240 747 371 827 Sinuque
386 748 456 814 fouit
470 759 572 808 contra
588 767 618 808 se
633 748 693 826 ipse
709 747 876 808 misericors.
943 793 946 802 ,
1130 809 1131 818 ,

240 847 375 925 Namque
389 857 422 904 ut
436 846 544 906 reiecta
556 855 610 914 est,
624 845 721 908 necuit
734 845 880 906 hominem
894 845 1039 924 protinus.
1130 833 1131 838 ἵ

242 944 328 1002 Hanc
342 943 400 1001 alia
414 963 504 1020 quum
518 952 635 1020 rogaret
647 961 766 1006 oausam
780 942 924 1013 iocinoris,

242 1041 420 1119 Respondit:
444 1047 464 1073 ‘⁴
483 1040 526 1112 Ne
540 1039 605 1118 quis
619 1038 1042 1118 discatprodeseeimprobisJ'

418 1138 449 1195 X
456 1138 587 1195 VHL-
596 1139 699 1213 Vulpis
709 1147 739 1198 et
754 1139 868 1199 Druso.
912 1183 915 1190 .
933 1185 936 1192 .

243 1235 367 1294 Vuurrs
383 1233 478 1293 cubile
491 1233 614 1305 fodiens,
627 1233 697 1292 dum
712 1243 819 1296 terram
832 1233 919 1305 eruite
990 1253 1043 1292 reu

243 1331 368 1410 Agitque
382 1329 477 1410 plures
491 1330 580 1390 altius
591 1330 751 1403 cuniculos,

245 1427 379 1486 Pervenit
394 1427 431 1486 ad
447 1427 588 1497 Draconis
602 1427 769 1506 speluncam
785 1427 935 1499 ultimam·

245 1524 436 1596 Custodiebat
449 1524 499 1602 qui
514 1525 663 1586 thesauros
676 1523 800 1588 abditos.
868 1553 869 1556 ¹

246 1624 334 1682 Hunc
348 1621 433 1680 simul
447 1604 599 1700 adspexit;
615 1628 642 1684 :“
659 1621 719 1680 Oro
733 1632 767 1680 ut
780 1621 982 1700 imprudentioe

248 1721 308 1779 Des
322 1719 445 1798 primum
459 1719 591 1780 reniam:
613 1718 729 1789 deinde,
744 1719 881 1797 sirpulcre
895 1719 987 1792 vides,
996 1742 1050 1779 raso

249 1818 345 1888 Quam
361 1836 419 1874 non
433 1815 605 1890 conueniens
620 1836 721 1876 aurum
730 1815 779 1878 sit.
787 1816 859 1878 vitoe'
869 1836 952 1888 meae,

249 1913 438 1993 Respondeas
452 1912 616 1976 clementer.
660 1913 755 1981 Quem
770 1913 895 1976 fruotum
909 1913 990 1992 capis

250 2011 315 2072 Hoc
326 2030 360 2069 err
376 2010 485 2080 labore,
499 2010 612 2088 quodve
627 2020 741 2075 tantum
755 2021 799 2070 est
812 2011 975 2089 premium,

251 2110 293 2166 Ut
306 2127 404 2168 careas
419 2127 521 2178 somno
534 2118 564 2170 et
578 2128 672 2174 aarum
688 2108 719 2172 iu
732 2107 971 2185 tenebrisoxigas
981 2108 1014 2166 2⁹*

250 2213 269 2240 “
279 2204 430 2275 Nullum‚''
442 2204 535 2282 inquit
544 2205 608 2272 iile;
624 2212 643 2239 “
654 2224 751 2270 verum
761 2205 1051 2267 bocasummomibi

251 2303 323 2362 Jove
338 2302 515 2360 adtributum
529 2302 664 2361 est.”-“
682 2302 760 2380 Ergo
773 2321 828 2364 nec
842 2303 935 2362 sumis.
945 2301 1009 2372 tibi,

252 2401 315 2460 Nee
330 2399 380 2458 ulii
396 2399 487 2472 domas
500 2399 659 2477 quidquam
670 2399 763 2464 i''-,-“
781 2399 829 2460 Sic
845 2399 911 2460 fatis
925 2399 1054 2479 piacet.”

253 2506 272 2558 ἒ*
289 2497 366 2556 Nolo
378 2495 518 2568 irascaris,
533 2495 621 2557 libere
635 2496 660 2556 si
669 2495 786 2560 dixero:
892 2553 894 2556 .

256 2595 320 2653 Diis
333 2605 376 2654 est
387 2593 468 2668 iratis
482 2603 580 2665 natus,
592 2593 648 2672 qui¹
657 2604 701 2654 est
714 2593 815 2658 similis
828 2592 915 2652 tibi.’'·

295 2691 434 2749 Abiturus
446 2689 527 2761 illuc,
541 2710 601 2768 quo
616 2690 722 2769 priores
737 2691 879 2760 abierunt,
1002 2712 1056 2752 ruso

255 2788 333 2856 Quid
343 2796 444 2846 mente
458 2806 537 2850 coeca
552 2788 686 2854 miserum
701 2787 987 2866 torquesrspiritumi

253 2884 316 2943 Tibi
331 2884 408 2956 dieo,
423 2903 517 2955 avare,
533 2883 672 2961 gaudium
687 2885 799 2944 heredis
814 2886 867 2953 tui,

257 2984 315 3052 Qui
328 2984 412 3042 thure
426 3000 555 3062 superos,
570 2983 663 3063 ipsum
680 2993 709 3044 te
722 2984 838 3045 fraudas
851 2983 941 3042 eiboi
1013 2985 1016 2992 '

259 3081 317 3150 Qui
332 3081 419 3140 tristis
434 3080 516 3140 audis
530 3082 671 3142 musicum
687 3081 805 3144 citharae
820 3101 935 3150 sonum,

261 3179 355 3246 Quem
370 3177 504 3237 tibiarum
520 3188 646 3238 macerat
656 3178 837 3258 jocunditas,
1007 3175 1061 3239 ior
