2286 3696
384 281 486 323 unua
502 280 648 323 PRIMUS·-

115 417 134 444 “
149 407 213 488 Ego
226 409 348 489 primam
361 409 442 483 tollo,
458 410 590 469 nominor
603 409 674 490 quia
687 411 743 483 leo,

114 507 287 579 Secundam,
301 506 371 586 quia
384 508 550 580 sumimus,
565 508 695 567 tribuetis
708 508 797 575 mihi;

110 605 182 664 Tum
194 604 264 684 quia
276 604 341 683 plus
353 603 446 676 valeo,
461 625 506 663 me
521 616 657 682 sequetur
670 604 755 664 tertia
766 627 774 673 ;
877 625 903 662 as

112 701 191 760 Malo
205 701 354 773 afficietur,
369 701 394 760 si
408 701 473 780 quis
487 714 620 782 quartam
635 703 790 780 tetigerit.''

112 799 159 857 Sic
174 808 264 859 totam
278 799 406 878 praedam
421 799 483 858 sola
496 800 663 878 improbitas
679 800 808 859 abstulit.
902 813 904 822 '

309 897 523 955 *Va-Rana
537 898 579 954 ad
592 894 698 956 Solem.

114 991 229 1050 Vrcrnr
244 992 314 1050 furis
327 992 455 1052 celebres
469 992 539 1051 vidit
552 993 668 1072 nuptias

116 1090 250 1168 AEsopus,
261 1099 296 1148 et
309 1090 447 1149 continuo
461 1110 574 1150 narrare
590 1090 731 1169 incipit-

152 1185 278 1245 Uxorem
293 1187 443 1266 quondam
459 1188 510 1246 Sol
524 1183 597 1246 cum¹
607 1188 694 1247 vellet
705 1188 821 1259 ducere,
887 1209 913 1253 90

109 1281 274 1343 clamorem
288 1303 368 1343 ranae
382 1283 526 1343 sustulere
541 1285 579 1344 ad
596 1284 700 1346 sidera.

114 1379 252 1438 Convicio
266 1381 413 1459 permotus
427 1380 532 1460 quaerit
545 1381 660 1459 Jupiter

113 1476 241 1536 Causam
254 1473 379 1555 querelas
393 1499 401 1538 :
423 1478 559 1557 quaedam
573 1490 636 1536 tum
647 1478 742 1555 stagni
755 1473 861 1548 incola,
911 1513 912 1516 =

111 1579 132 1631 “,
150 1572 267 1645 Nunc,”
280 1573 384 1652 inquit,
398 1583 424 1610 ‘⁴·
435 1571 535 1634 omnes
549 1595 625 1633 unus
639 1575 734 1633 exurit
750 1575 845 1645 lacus,

112 1669 256 1750 Cogitque
270 1670 387 1730 miseras
402 1670 483 1731 arida
497 1671 566 1731 sede
580 1671 688 1731 emori:
885 1672 917 1736 es'

110 1766 262 1836 Quidnam
276 1766 405 1827 futurum
418 1779 472 1840 est,
487 1768 511 1826 si
525 1767 627 1828 credrit
642 1765 745 1826 liberos
757 1768 784 1828 !'’

221 1864 453 1943 .VII.—Vulpes
468 1876 498 1925 et
512 1867 647 1925 Persona
666 1867 804 1943 Tragion.
905 1879 908 1890 ⁴

114 1961 296 2022 Punsorrnn
312 1960 450 2040 tragicam
466 1963 538 2021 sorte
551 1961 795 2042 vulpes'viderat:

113 2048 134 2076 “
152 2041 303 2121 Oquanta
317 2043 426 2121 species
438 2044 469 2106 !''
484 2044 590 2122 inquit,
611 2053 631 2084 ‘⁶
647 2044 795 2110 cerebrum
816 2062 874 2103 non
956 2081 960 2089 ·

236 2138 325 2199 habet
335 2139 364 2204 !’'

157 2235 223 2294 Hoc
234 2235 291 2296 illis
303 2235 479 2306 dictumest,
491 2237 596 2313 quibus
607 2236 744 2296 honorem
754 2245 784 2294 et
797 2235 915 2312 gloriam

109 2333 245 2402 Fortuna
256 2333 368 2406 tribuit,
384 2352 500 2392 sensum
515 2353 698 2392 communem
714 2333 844 2393 abstulit.
881 2355 918 2392 roo

256 2493 258 2502 ¹
324 2432 605 2507 VIM—Lupuset
625 2433 713 2490 Grac.

112 2528 183 2596 Qur
196 2527 318 2606 pretium
332 2527 424 2587 meriti
436 2528 474 2586 ab
488 2519 623 2607 improbis
636 2526 791 2599 desiderat,
819 2546 821 2550 ⁴

114 2625 168 2685 Bis
181 2635 304 2706 peccat;
327 2626 453 2704 primum
469 2625 606 2704 quoniam
622 2625 755 2704 indignos
770 2625 909 2706 adjuvat*

113 2723 241 2802 Impune
254 2723 333 2800 abire
346 2722 450 2782 deinde
464 2723 534 2802 quia
545 2723 608 2802 jam
623 2742 681 2781 non
696 2732 800 2802 potest.

139 2819 197 2878 -Os
212 2819 378 2879 devoratum
392 2820 477 2879 fauce
491 2840 558 2879 curn
573 2820 695 2879 haereret
709 2820 782 2900 lupi,

116 2917 230 2995 Magno
244 2915 343 2976 dolore
354 2918 458 2991 victus,
473 2918 560 2996 coepit
575 2917 704 2994 singulos
739 2955 740 2958 =
885 2937 922 2974 105

115 3013 231 3074 Illicere
244 3013 348 3094 pretio,
363 3024 397 3072 ut
412 3013 483 3074 illud
497 3013 681 3074 extraherent
694 3011 814 3073 maium.

112 3209 115 3218 .
149 3171 172 3204 ⁸⁸
188 3171 293 3235 catenes]
304 3187 391 3236 magna
401 3187 488 3239 pompa
500 3171 692 3224 celebratas-⁹⁸
707 3171 780 3238 unm]
793 3170 828 3220 sol
843 3169 922 3219 solus.

115 3247 173 3288 -⁹³
191 3248 302 3314 Miseros]
315 3266 366 3311 nos,
380 3249 396 3299 i.
410 3266 434 3303 e,
444 3265 521 3299 ranas.
