2298 3684
397 253 586 296 sarcarum
842 240 897 298 103
952 273 955 282 -

104 382 264 456 Damnum,
278 381 334 442 nisi
347 402 383 442 ex
398 383 587 456 abundantia,
600 403 664 445 raro
677 385 765 446 venit.
863 407 900 448 iss

103 480 196 540 Dum
210 481 318 550 bouum
334 481 413 560 quod
427 481 532 561 potuit,
546 482 652 544 auferri
665 493 769 564 potest.

102 577 148 637 De
161 576 276 638 inimico
290 597 326 638 ue
340 577 468 657 loquaris
481 578 556 640 male
569 578 620 640 sed
633 580 756 659 cogites.

103 672 298 742 Deliberando
312 674 431 736 discitur
445 675 597 754 sapientia.

104 771 350 832 Dsurrturssuoo
365 792 442 852 saepe
456 773 529 853 perit
542 774 669 836 occasio.

103 868 383 930 Drurnarsuouu
400 879 444 930 est
457 868 508 928 diu
522 870 602 949 quod
615 871 801 931 statuendum
815 881 859 931 est

100 965 267 1026 Deliberare
280 966 373 1040 utilia,
387 985 468 1028 mora
481 967 624 1028 tutissima
637 978 691 1028 est.
786 971 897 1050 [semel.

102 1062 231 1123 Demens
245 1075 298 1135 eet,
311 1063 442 1141 quisquis
454 1074 574 1143 praestat
586 1065 673 1126 errori
686 1065 783 1125 fidem.

102 1160 182 1220 Deos
195 1160 286 1220 ridere
299 1159 396 1231 credo,
411 1180 479 1221 cum
494 1161 562 1221 lelix
576 1171 673 1222 vocat.

103 1257 293 1320 Drsrrcrrae
307 1268 429 1337 oportet,
444 1259 524 1338 quod
538 1260 630 1340 possis
643 1260 808 1340 deperdere.

105 1355 276 1418 Drurcorta
291 1355 358 1416 flere
371 1355 488 1416 lemiuae
501 1357 531 1416 in
544 1358 739 1419 mendacium.
834 1359 899 1440 [uit.

106 1453 188 1515 Dras
201 1455 306 1532 (dives)
315 1453 394 1533 quod
405 1454 507 1528 donat,
520 1454 639 1524 timeas:
662 1455 719 1515 cito
727 1466 841 1535 raptum
852 1477 899 1516 ve-

106 1550 304 1612 Drrrrcrsau
320 1550 427 1614 habere
440 1561 553 1631 oportet
567 1565 666 1612 aurem
680 1553 719 1612 ad
732 1553 861 1615 crimina.

107 1647 313 1709 Drscrrurus
328 1657 372 1708 est
385 1647 484 1726 prioris
497 1649 635 1727 posterior
647 1649 719 1710 dies.

106 1746 292 1806 Drscouors
307 1746 341 1808 fit
353 1745 444 1804 carior
457 1745 621 1806 concordia.

72 1897 79 1912 ,
106 1842 228 1906 Discute
240 1843 318 1921 quod
333 1841 434 1902 audias
446 1860 542 1913 omne,
557 1842 636 1922 quod
649 1843 750 1904 credas
765 1844 865 1923 proba.

106 1940 172 1999 Dru
188 1939 385 2019 apparandum
400 1949 445 1998 est
454 1938 574 2012 bellum,
591 1950 625 2000 ut
637 1940 735 2000 vincas
749 1942 878 2002 celerius.

106 2037 197 2097 Dolor
211 2037 298 2096 animi
312 2036 423 2115 gravior
436 2046 481 2096 est
492 2055 580 2114 quam
594 2037 721 2116 corporis
734 2037 825 2098 dolor.

106 2135 219 2196 Douorr
231 2134 379 2205 decrescit,
395 2133 444 2194 ubi
458 2152 516 2214 quo
529 2145 640 2194 crescat
652 2154 710 2194 uon
725 2135 820 2196 habet.

107 2233 211 2293 Ducrs
224 2232 255 2292 iu
267 2232 387 2292 consilio
401 2232 496 2311 posita
509 2241 553 2292 est
567 2232 655 2292 virtus
669 2232 803 2292 militum.

106 2330 202 2390 Dulce
214 2330 299 2393 etiam
315 2329 420 2408 fugias,
433 2329 512 2408 quod
528 2329 589 2388 fieri
603 2320 733 2389 amarum
748 2339 855 2410 potest.
866 2351 904 2393 us

107 2427 186 2486 Dus
198 2426 257 2486 vita
271 2436 353 2505 grata
365 2438 419 2498 est,
435 2427 533 2486 mortis
546 2426 675 2488 conditio
689 2427 800 2504 optima
811 2436 865 2486 est.

107 2522 242 2602 Effugere
256 2523 445 2602 cupiditatem·
458 2509 638 2601 regnum'est
650 2523 774 2582 vincere.

105 2620 181 2698 Eget
194 2619 289 2680 minus
302 2620 439 2692 mortalis,
454 2639 512 2700 quc
526 2620 623 2679 miuus
636 2620 728 2698 cupit.

106 2715 189 2776 Eheu
202 2735 289 2795 quam
303 2717 437 2778 miserum
451 2729 505 2788 est,
517 2716 578 2776 fieri
592 2714 748 2776 metuendo
761 2735 869 2776 senem.

106 2812 217 2872 Eodem
231 2812 327 2873 auimo
341 2813 513 2874 beneficium
528 2813 650 2872 debetur
663 2831 722 2892 quo
736 2812 832 2873 datur.
867 2835 905 2872 rao

107 2911 224 2990 Eripere
233 2910 341 2984 telum,
356 2929 415 2970 uon
429 2910 509 2984 dare,
523 2911 595 2972 irato
608 2911 704 2970 docet.

108 3007 163 3068 Fet
176 3008 328 3088 cupiditati
341 3019 371 3070 et
385 3009 448 3089 ipsa
460 3008 545 3068 tarda
558 3007 700 3068 celeritas.

109 3104 164 3164 Est
173 3105 251 3166 socia
265 3106 364 3166 mortis
377 3104 488 3166 homini
501 3105 560 3166 rita
573 3104 704 3183 ingloria.

109 3202 166 3264 Est
179 3205 265 3264 turba
278 3223 391 3284 semper
404 3212 605 3284 argumentum
617 3201 744 3282 pessimi.
