2286 3696
353 225 454 268 nresu
468 225 621 270 nennius.
761 235 763 255 =
842 208 879 270 31

125 352 185 414 Sed
201 351 332 416 fabulose
345 373 382 414 ne
395 363 537 414 vetustate
551 353 670 426 elevem,

86 449 218 511 Nurrebo
232 450 284 509 tibi
297 447 435 512 memoria
448 443 526 530 quod
540 451 650 510 secttrm
662 461 708 511 est
722 469 798 512 mee.

128 544 382 626 Meri'tusq'uidum
396 567 486 626 quum
500 543 634 626 diligeret
646 547 810 630 conjugem,
843 571 883 613 rso

84 645 253 724 Togamque
267 641 442 724 puram'jssn
455 639 569 723 peruret
579 637 650 717 uto,
810 639 813 648 ⁴
879 658 882 666 ’

87 741 232 800 Seductus
246 741 276 800 in
288 737 430 810 secretum
444 760 463 800 u
477 739 578 814 liberte
591 759 654 816 suo,

87 838 228 918 Sperante
241 833 384 900 heredem
391 835 486 898 suffici
499 857 529 898 se
543 833 715 918 proximum.

86 934 147 1003 Qui
159 933 230 994 dum
243 933 281 994 de
293 931 381 1014 puero
394 934 488 994 mults
500 931 638 994 mentitus
651 936 734 1011 seret,

87 1031 126 1092 Et
140 1031 223 1111 plura
235 1029 274 1092 de
286 1031 401 1110 flagitiis
414 1041 502 1094 cestoe
516 1031 654 1107 mulieris,
829 1031 882 1098 'me

87 1127 204 1210 Adjecit
216 1128 256 1201 id,
269 1127 349 1208 qno'd
362 1129 503 1190 sentiebat
515 1129 640 1190 maxime
684 1181 687 1190 .
750 1193 753 1200 ,

90 1224 254 1287 Doliturum
266 1225 384 1298 ementi,
398 1225 537 1286 ventitare
549 1226 722 1301 adulterum,

88 1321 253 1403 Stuproque
264 1325 340 1402 turpi
354 1322 445 1402 pollui
459 1324 566 1384 semem
580 1322 696 1390 domus.

88 1420 227 1481 Incensus
241 1420 289 1482 ille
302 1420 373 1482 false
388 1420 485 1480 uxoris
497 1421 616 1492 crimine

89 1516 242 1578 Simulavit
253 1517 307 1578 iter
319 1518 357 1577 ud
370 1517 476 1590 villum,
490 1517 624 1597 clamque
638 1518 666 1578 in
680 1518 786 1598 oppido
803 1559 806 1566 ι
849 1519 887 1584 rui

88 1614 243 1683 Subsedit:
264 1613 369 1676 deinde
382 1625 471 1675 noctu
485 1613 581 1676 subito
590 1617 713 1696 januam
880 1611 883 1617 ’

88 1711 219 1782 Intravit,
232 1722 311 1772 rectu
325 1711 492 1772 cubiculum
504 1711 601 1772 uxoris
614 1721 733 1792 petens:

87 1807 122 1867 ln
137 1827 197 1890 que
209 1807 331 1868 dormire
345 1817 436 1870 mater
449 1818 550 1868 netum
560 1807 699 1887 jusserat,
724 1805 738 1818 ”

88 1905 215 1966 AEtutem
230 1905 359 1976 edultum
373 1921 489 1966 servans
502 1901 678 1983 diligentius.

87 2002 166 2062 Dum
181 2011 316 2081 quaeruut
329 2002 436 2076 lumen,
450 2001 520 2061 dum
534 1997 709 2062 concursent
722 2001 842 2076 familie,

87 2100 141 2158 Iroe
154 2099 275 2160 furentis
288 2099 426 2178 impetum
440 2115 499 2158 nun
512 2097 657 2159 sustinens

87 2196 254 2258 Adiectum
265 2196 389 2269 accedit,
403 2203 497 2256 tentet
510 2195 540 2254 in
553 2193 679 2256 tenebris
691 2206 791 2276 ceput.

86 2293 128 2353 Ut
141 2295 230 2355 sentit
241 2303 367 2366 tunsum,
381 2291 594 2371 gledip'pectus
607 2291 751 2372 transigit,

86 2389 168 2450 Nihil
183 2391 346 2471 respiciens,
359 2389 430 2449 dum
443 2389 571 2448 dolorem
583 2387 722 2450 ‘vindicet

86 2487 217 2548 Lucerna
232 2487 340 2561 adleta,
355 2483 440 2546 umis}
452 2485 585 2566 adspexit
596 2485 701 2559 filium,
811 2511 812 2515 ¹
840 2491 881 2550 πό

84 2579 413 2663 Sanctamq'ne'usorem
426 2580 774 2661 dormieutsmcubiculo,
809 2587 812 2590 ’
866 2585 870 2594 ’

85 2682 188 2761 Sopita
194 2681 293 2761 ,primo
307 2702 375 2762 quse
388 2680 430 2741 nii
443 2683 544 2742 somno
558 2689 696 2754 senserat,

86 2775 316 2858 Reproesenter'it
328 2779 358 2838 in
372 2797 403 2840 se
415 2797 531 2857 poensm
544 2775 690 2854 facinoris,

85 2875 127 2936 Et
139 2875 213 2936 ferro
226 2875 367 2949 incubuit,
381 2875 460 2956 qued
474 2875 629 2936 credulitas
643 2875 805 2937 strinxerat.

82 2970 276 3034 Accusutcres
287 2971 656 3053 postulemutmuiierein,
832 2971 890 3035 ess*

112 3105 158 3171 ²¹⁸]
171 3101 212 3160 Ne
222 3106 316 3166 iscium,
328 3105 444 3172 uenando
459 3121 488 3155 se
503 3121 558 3172 qua
572 3111 686 3156 vetustate
697 3065 801 3176 obsoleta
815 3110 879 3159 sunt,

82 3192 110 3234 ut
120 3183 184 3252 spud
194 3184 309 3252 populum
320 3184 399 3234 minus
409 3183 513 3234 valeant.
