2286 3696
366 212 467 254 trouu
483 213 619 256 PRIMUS·
694 224 697 229 '

96 335 258 402 Novissime
271 340 431 420 indignata,
446 340 517 400 dum
530 341 593 401 vult
604 341 726 403 validius
792 351 796 358 '
869 350 871 357 '

97 439 203 498 Inflare
217 457 288 512 sese,
304 447 389 517 rupto
399 439 493 518 jacuit
505 454 634 518 corpore.
842 449 893 502 'aas

128 603 134 624 x
257 537 319 595 XX
322 536 491 597 m-Ounrs
505 547 536 596 et
553 537 733 598 Crocodilus.

96 635 257 693 Cousrnm
270 633 321 712 qui
334 633 509 714 dant'prava
522 633 614 693 cautis
627 634 802 705 homiuibus,
850 641 852 648 ⁴

96 729 136 790 Et
148 730 415 812 perduntoperam,
429 741 459 790 et
470 729 636 790 deridentur
647 730 777 810 turpiter.
886 738 889 742 '

135 829 233 888 Canes
246 839 391 889 currentes
405 829 502 888 bibere
516 829 547 888 in
561 828 630 888 Nilo
644 827 774 902 flumine,
808 885 834 908 ,θ
884 859 889 889 ;

95 925 123 984 Α
136 925 285 985 crocodilis
298 945 336 985 ne
348 926 507 1004 rapiantur,
524 925 663 986 traditum
677 935 731 986 est.

95 1022 189 1102 Igitur
202 1043 269 1082 cum
282 1037 398 1084 currens
411 1022 508 1106 bibere
522 1022 656 1102 coepisset
669 1023 759 1096 cauis,
803 1033 805 1038 '
833 1049 834 1054 ¹
854 1010 894 1091 auo

95 1119 146 1180 Sic
160 1119 332 1192 crocodilus,
347 1126 367 1154 ‘⁴
382 1119 551 1188 Quamlibet
563 1119 659 1180 lambe
673 1121 751 1190 otio;

95 1217 221 1289 Accede,
236 1227 307 1297 pota
318 1217 430 1290 leniter,
444 1227 474 1278 et
486 1217 546 1278 noli
560 1217 672 1291 dolos,”

97 1312 208 1392 lnquit,
223 1321 242 1347 “
258 1315 393 1384 vereri;”·¹
415 1315 456 1372 At
466 1314 525 1388 ille,
536 1321 556 1349 ‘⁴
569 1315 705 1380 Facerem
720 1315 892 1390 mehercule,

99 1409 163 1470 Nisi
177 1430 239 1470 esse
252 1411 353 1470 scirem
370 1410 463 1470 camis
477 1420 506 1470 te
519 1410 658 1489 cupidum
672 1409 776 1473 meae.’'
886 1421 893 1448 ³

260 1509 323 1567 XX
329 1510 423 1569 VL-
430 1509 536 1586 Vulpes
550 1519 579 1568 et
597 1509 727 1569 Cicoaiu.

98 1604 211 1666 Nonus
223 1606 397 1679 nocendum,
410 1605 433 1664 si
448 1605 513 1684 quis
527 1624 594 1666 vero
608 1606 724 1677 laeserit,
842 1613 895 1674 fros

97 1699 302 1772 Mulctaudum
316 1701 402 1763 simili
411 1703 477 1782 jure
491 1702 599 1763 labella
611 1703 757 1764 admonet.
886 1707 889 1712 ’

138 1798 248 1878 Vulpes
263 1799 300 1858 ad
314 1819 428 1860 coenam
441 1799 546 1860 dicitur
558 1799 699 1860 ciconiam

97 1895 180 1955 Prior
194 1895 339 1970 invitasse,
353 1907 383 1957 et
396 1895 438 1957 illi
447 1897 480 1956 'iu
496 1897 596 1976 patina
606 1897 746 1978 liquidum
824 1951 829 1958 .

97 1993 233 2054 Posuisse
248 1993 441 2068 sorbitionem,
456 2007 545 2074 quam
558 1995 639 2056 nullo
653 1995 740 2055 modo

98 2090 224 2151 Gustare
237 2091 363 2152 esuriens
376 2091 502 2171 potuerit
516 2090 649 2161 ciconia:
737 2094 740 2101 '
857 2097 896 2152 sub

98 2188 188 2261 Quae,
201 2188 315 2267 vulpem
331 2209 398 2249 cum
411 2187 582 2272 revocasset,
597 2189 695 2250 intrito
708 2187 774 2249 cibo

99 2285 220 2344 Plenam
234 2285 368 2364 lagenam
382 2287 496 2366 posuit;
519 2285 587 2346 huic
600 2297 723 2346 rostrum
737 2285 874 2358 inserens,
888 2335 891 2342 .

98 2383 227 2444 Satiatur
240 2383 314 2462 ipsa,
328 2392 443 2462 torquet
456 2374 606 2448 convivam
619 2383 717 2444 fame:
855 2457 858 2462 Ι

98 2481 175 2550 Quae
190 2500 257 2540 cum
271 2480 383 2559 lagenae
399 2481 504 2541 frustra
517 2480 626 2541 collum
638 2479 787 2553 lamberet,
862 2557 865 2564 .

98 2577 284 2656 Peregrinam
298 2578 338 2638 sic
353 2577 479 2637 locutam
493 2577 639 2638 volucrem
653 2577 829 2656 accepimus,
858 2575 896 2660 sus

98 2681 119 2708 “
136 2675 198 2734 Sua
210 2676 333 2754 quisque
345 2673 478 2754 exempla
491 2673 579 2736 debet
595 2693 681 2754 aequo
696 2673 792 2734 animo
806 2649 899 2753 paul.

147 2771 209 2830 XX
216 2772 434 2844 Vll.-'-0aois,
454 2773 621 2832 Thesaurus
635 2782 664 2831 et
685 2772 847 2834 vulturios.
886 2806 897 2834 ,r

100 2874 179 2933 Hinc
192 2890 237 2930 res
251 2871 343 2930 avaris
355 2891 420 2932 ese
427 2871 603 2932 'conveniens
615 2880 721 2952 potest,
733 2881 736 2890 ’

132 3018 161 3050 ²⁹¹
186 3019 329 3082 Quamlibet]
354 3016 531 3084 aquam-²⁹⁶
555 3013 719 3068 Mulctuoduoi
740 3019 811 3068 simili
828 3017 897 3082 jure]

99 3103 194 3164 propter
205 3095 319 3144 damnum
332 3096 396 3160 quod
406 3095 515 3146 ‘intulerit
530 3095 603 3145 simili
617 3111 690 3164 poena
707 3095 897 3146 afficiendum.—

99 3175 128 3206 ³⁰¹
148 3173 245 3236 lotrito]
259 3172 367 3222 contrito.
389 3223 391 3228 ,
