2298 3684
257 254 314 312 116
541 275 759 317 ,suurnnrrm

256 400 401 480 Perpetuo
415 400 513 473 vincit,
527 402 578 481 qui
592 403 682 462 utitur
695 403 859 465 clementia.
898 395 901 400 ¹

256 501 313 560 Per
329 519 397 577 quae
411 499 450 559 sis
465 508 552 572 tutus,
569 499 618 559 illa
631 521 744 580 semper
757 503 878 580 cogites.
963 588 966 594 Ι

256 597 391 675 Plerique
405 605 483 656 metu
498 596 577 669 boui,
592 617 650 656 non
666 597 841 659 innocentia.

257 693 358 753 Plures
371 693 444 772 tegit
457 693 586 754 Fortuna
597 714 686 774 quam
700 706 779 756 tutos
793 697 871 758 lacit.
1017 721 1056 762 sss

257 791 328 851 Plus
342 801 385 851 est
400 810 487 870 quam
501 811 598 870 poena,
613 793 726 874 injuriae
740 796 939 856 succumbere.

256 887 328 948 Plus
342 898 385 949 est
399 908 487 967 quam
502 909 598 968 poena,
612 889 673 950 sine
689 910 718 951 re
734 891 869 952 miserum
882 893 987 952 vivere.

257 985 349 1046 Poena
362 986 399 1046 ad
414 984 524 1046 malurn
537 1007 664 1066 serpens,
679 997 712 1047 ut
726 1000 862 1067 proterat,
875 991 963 1051 venit.

258 1083 350 1144 Poena
363 1077 502 1145 allevatur
516 1095 596 1158 tunc,
612 1085 662 1144 ubi
672 1084 787 1144 laxatur
800 1086 893 1146 dolor.

258 1181 378 1239 Poenam
392 1191 518 1240 moratur
531 1181 690 1261 improbus,
705 1202 764 1243 non
777 1184 915 1263 praeterit.
1016 1171 1058 1246 sto

258 1278 384 1337 Porum
399 1288 442 1338 est
455 1278 642 1358 mancipium,
658 1280 789 1359 quisquis
799 1282 901 1360 patriae
912 1290 956 1356 est
966 1281 1054 1342 utilis.

259 1376 342 1435 Posr
356 1365 550 1436 calamitatem
565 1377 702 1436 memoria
716 1377 774 1437 alia
787 1386 831 1437 est
844 1378 1005 1439 calamitas.

258 1474 385 1533 Pornns
400 1474 558 1534 misericors
572 1474 690 1553 publica
705 1484 749 1534 est
762 1474 894 1537 felicitas.

259 1571 406 1631 Porrrn
419 1571 502 1631 irasci
515 1571 568 1630 sibi
583 1570 692 1652 pericla
706 1583 750 1631 est
763 1592 901 1650 quaerere.

259 1667 360 1728 Potest
372 1689 429 1729 non
444 1689 507 1730 esse
519 1668 684 1741 honestum,
700 1669 780 1748 quod
795 1689 852 1728 non
866 1670 988 1731 liberum
1001 1683 1056 1732 est.

259 1764 415 1824 Parasitus
425 1777 468 1826 est
483 1785 603 1846 semper,
619 1766 669 1845 qui
683 1767 787 1825 absens
799 1770 885 1826 etiarn
897 1769 1055 1828 ulciscitur.

259 1861 365 1920 Pn1us
375 1872 512 1940 negatum
523 1864 683 1941 (reparer)
695 1873 762 1942 post
771 1863 884 1937 fecisse,
893 1875 937 1924 est
946 1863 1056 1926 fallere.

259 1957 355 2018 Probo
367 1959 445 2018 bona
459 1958 537 2019 fama
551 1959 677 2018 maxima
690 1969 734 2018 est
748 1958 913 2022 hareditas.

260 2055 348 2114 Probi
362 2056 461 2134 legens
473 2056 582 2116 delicta
591 2057 685 2137 judex
698 2056 812 2116 deterit.

260 2152 355 2211 Probo
368 2153 540 2213 beneficium
554 2154 605 2232 qui
618 2153 679 2227 dat,
694 2173 729 2213 ex
744 2163 824 2233 parte
839 2155 955 2235 accipit.
1018 2173 1059 2217 roo

259 2249 391 2309 Pronus
407 2249 536 2322 libertus,
551 2251 613 2310 sine
627 2263 731 2311 natura
745 2260 790 2311 est
803 2250 889 2311 filius.

259 2345 400 2406 Prodesse
413 2347 464 2425 qui
477 2347 539 2406 vult
552 2366 606 2406 nec
622 2356 728 2427 potest,
742 2367 826 2426 aeque
841 2358 885 2408 est
899 2350 992 2410 miser.

259 2444 392 2516 Prodest,
406 2444 572 2524 quicunque
584 2445 685 2506 obesse
698 2465 755 2504 non
771 2445 843 2520 vult,
858 2466 926 2506 cum
940 2457 1048 2526 potest.

261 2542 318 2601 Pro
331 2541 454 2602 dominis
468 2561 587 2622 peccare
600 2541 686 2602 etiarn
700 2542 812 2602 virtutis
824 2541 889 2604 loco
903 2553 956 2604 est.

260 2638 317 2700 Pro
331 2639 474 2699 medicina
488 2640 569 2699 dolor
582 2648 636 2710 est,
651 2639 778 2699 dolorem
792 2641 843 2720 qui
857 2651 950 2702 necat.
1015 2659 1057 2704 sos

261 2735 355 2814 Prope
370 2745 413 2795 est
424 2736 516 2796 libens
529 2747 562 2796 ut
575 2737 704 2809 damnet,
718 2736 769 2816 qui
783 2736 904 2798 damnat
917 2738 986 2798 cito.

262 2832 355 2912 Prope
369 2842 484 2894 estnon
498 2853 582 2912 aeque
593 2843 625 2893 ut
635 2835 764 2906 damnet,
774 2834 824 2913 qui
833 2835 955 2895 damnat
963 2836 1062 2897 nimis.

261 2931 419 3009 Properate
433 2931 462 2989 in
472 2931 644 3011 judicando,
658 2941 702 2991 est
716 2930 824 2991 crimen
838 2951 976 3011 quaerere.

261 3026 428 3107 Prospicere
442 3027 471 3086 in
487 3046 558 3106 pace
572 3037 694 3108 oportet,
709 3027 779 3106 quid
793 3027 904 3088 bellurn
914 3030 1010 3109 juvet.

261 3123 415 3183 Prudentis
429 3123 525 3183 voltus
538 3124 624 3185 etiam
639 3125 775 3184 sermonis
787 3125 851 3186 loco
864 3135 919 3188 est.
1021 3149 1063 3192 oro

263 3219 379 3280 Punon
392 3219 526 3280 dimissus
539 3240 688 3300 nunquam
702 3221 777 3283 redit
792 3222 822 3280 in
836 3222 969 3302 gratiam.
992 3217 994 3222 ’
