<?xml version="1.0" encoding="UTF-8"?>
<!DOCTYPE html PUBLIC "-//W3C//DTD XHTML 1.0 Transitional//EN"
    "http://www.w3.org/TR/xhtml1/DTD/xhtml1-transitional.dtd">
<html xmlns="http://www.w3.org/1999/xhtml" xml:lang="en" lang="en">
 <head>
  <title>
</title>
<meta http-equiv="Content-Type" content="text/html;charset=utf-8" />
  <meta name='ocr-system' content='tesseract 3.04.00' />
  <meta name='ocr-capabilities' content='ocr_page ocr_carea ocr_par ocr_line ocrx_word'/>
</head>
<body>
  <div class='ocr_page' id='page_1' title='image "./phaedriaugustil00publgoog_0082.png"; bbox 0 0 2298 3684; ppageno 0'>
   <div class='ocr_carea' id='block_1_1' title="bbox 301 241 896 297">
    <p class='ocr_par' dir='ltr' id='par_1_1' title="bbox 301 241 896 297">
     <span class='ocr_line' id='line_1_1' title="bbox 301 241 896 297; baseline 0.005 -3"><span class='ocrx_word' id='word_1_1' title='bbox 301 253 475 295; x_wconf 74' lang='lat' dir='ltr'>urrrnmx</span> <span class='ocrx_word' id='word_1_2' title='bbox 492 255 710 296; x_wconf 76' lang='lat' dir='ltr'>rsuunaauru.</span> <span class='ocrx_word' id='word_1_3' title='bbox 861 241 896 297; x_wconf 79' lang='lat'>71</span> 
     </span>
    </p>
   </div>
   <div class='ocr_carea' id='block_1_2' title="bbox 106 382 904 2404">
    <p class='ocr_par' dir='ltr' id='par_1_2' title="bbox 106 382 904 2404">
     <span class='ocr_line' id='line_1_2' title="bbox 107 382 772 457; baseline 0.003 -16"><span class='ocrx_word' id='word_1_4' title='bbox 107 382 148 442; x_wconf 91' lang='lat' dir='ltr'>Et</span> <span class='ocrx_word' id='word_1_5' title='bbox 160 383 272 442; x_wconf 82' lang='lat' dir='ltr'><strong>Taurus</strong></span> <span class='ocrx_word' id='word_1_6' title='bbox 283 383 394 443; x_wconf 81' lang='lat' dir='ltr'><strong>hostem</strong></span> <span class='ocrx_word' id='word_1_7' title='bbox 406 384 603 444; x_wconf 87' lang='lat' dir='ltr'>contemsisset</span> <span class='ocrx_word' id='word_1_8' title='bbox 616 384 772 457; x_wconf 86' lang='lat' dir='ltr'>sordidum,</span> 
     </span>
     <span class='ocr_line' id='line_1_3' title="bbox 108 479 626 559; baseline 0.004 -21"><span class='ocrx_word' id='word_1_9' title='bbox 108 480 224 542; x_wconf 82' lang='lat' dir='ltr'>Fuisset</span> <span class='ocrx_word' id='word_1_10' title='bbox 236 501 311 540; x_wconf 87' lang='lat' dir='ltr'>vana</span> <span class='ocrx_word' id='word_1_11' title='bbox 325 480 423 540; x_wconf 87' lang='lat' dir='ltr'>inertis</span> <span class='ocrx_word' id='word_1_12' title='bbox 437 480 577 559; x_wconf 83' lang='lat' dir='ltr'><strong>gloriatio.</strong></span> <span class='ocrx_word' id='word_1_13' title='bbox 622 479 626 490; x_wconf 81' lang='grc'><em>’</em></span> 
     </span>
     <span class='ocr_line' id='line_1_4' title="bbox 150 577 903 659; baseline 0.004 -23"><span class='ocrx_word' id='word_1_14' title='bbox 150 578 265 636; x_wconf 90' lang='lat' dir='ltr'><strong>Amittit</strong></span> <span class='ocrx_word' id='word_1_15' title='bbox 278 578 385 637; x_wconf 81' lang='lat' dir='ltr'>samam</span> <span class='ocrx_word' id='word_1_16' title='bbox 400 577 449 658; x_wconf 93' lang='lat' dir='ltr'>qui</span> <span class='ocrx_word' id='word_1_17' title='bbox 463 594 493 636; x_wconf 91' lang='lat' dir='ltr'>se</span> <span class='ocrx_word' id='word_1_18' title='bbox 507 577 632 657; x_wconf 79' lang='lat' dir='ltr'>indignis</span> <span class='ocrx_word' id='word_1_19' title='bbox 645 587 813 659; x_wconf 81' lang='lat' dir='ltr'>comparat·</span> <span class='ocrx_word' id='word_1_20' title='bbox 853 599 903 645; x_wconf 76' lang='lat'><strong>1770</strong></span> 
     </span>
     <span class='ocr_line' id='line_1_5' title="bbox 292 675 720 754; baseline 0.009 -22"><span class='ocrx_word' id='word_1_21' title='bbox 292 675 322 732; x_wconf 89' lang='lat' dir='ltr'><strong><em>X</em></strong></span> <span class='ocrx_word' id='word_1_22' title='bbox 328 676 545 754; x_wconf 65' lang='lat' dir='ltr'>vlt-Equam</span> <span class='ocrx_word' id='word_1_23' title='bbox 558 685 588 734; x_wconf 87' lang='lat' dir='ltr'>et</span> <span class='ocrx_word' id='word_1_24' title='bbox 601 678 720 737; x_wconf 80' lang='lat' dir='ltr'>Asinus.</span> 
     </span>
     <span class='ocr_line' id='line_1_6' title="bbox 108 770 780 851; baseline 0.006 -22"><span class='ocrx_word' id='word_1_25' title='bbox 108 770 238 830; x_wconf 81' lang='lat' dir='ltr'>Assuso</span> <span class='ocrx_word' id='word_1_26' title='bbox 253 772 366 851; x_wconf 88' lang='lat' dir='ltr'>sonipes</span> <span class='ocrx_word' id='word_1_27' title='bbox 379 771 504 849; x_wconf 82' lang='lat' dir='ltr'>phaleris</span> <span class='ocrx_word' id='word_1_28' title='bbox 519 773 642 831; x_wconf 88' lang='lat' dir='ltr'>occurrit</span> <span class='ocrx_word' id='word_1_29' title='bbox 655 782 780 846; x_wconf 87' lang='lat' dir='ltr'>tumens,</span> 
     </span>
     <span class='ocr_line' id='line_1_7' title="bbox 109 867 715 947; baseline 0.003 -20"><span class='ocrx_word' id='word_1_30' title='bbox 109 867 149 927; x_wconf 82' lang='lat' dir='ltr'>Et</span> <span class='ocrx_word' id='word_1_31' title='bbox 163 868 256 928; x_wconf 83' lang='lat' dir='ltr'>lassus</span> <span class='ocrx_word' id='word_1_32' title='bbox 269 868 360 928; x_wconf 91' lang='lat' dir='ltr'>multo</span> <span class='ocrx_word' id='word_1_33' title='bbox 374 868 484 927; x_wconf 81' lang='lat' dir='ltr'>tardius</span> <span class='ocrx_word' id='word_1_34' title='bbox 498 869 576 947; x_wconf 92' lang='lat' dir='ltr'>quod</span> <span class='ocrx_word' id='word_1_35' title='bbox 589 869 715 947; x_wconf 88' lang='lat' dir='ltr'>pondere</span> 
     </span>
     <span class='ocr_line' id='line_1_8' title="bbox 108 965 735 1039; baseline 0.008 -19"><span class='ocrx_word' id='word_1_36' title='bbox 108 965 195 1025; x_wconf 89' lang='lat' dir='ltr'>Viam</span> <span class='ocrx_word' id='word_1_37' title='bbox 208 965 334 1025; x_wconf 83' lang='lat' dir='ltr'>dedisset</span> <span class='ocrx_word' id='word_1_38' title='bbox 346 965 521 1025; x_wconf 88' lang='lat' dir='ltr'>transeunti:</span> <span class='ocrx_word' id='word_1_39' title='bbox 544 972 564 1000; x_wconf 79' lang='lat'>‘⁴</span> <span class='ocrx_word' id='word_1_40' title='bbox 581 966 669 1039; x_wconf 85' lang='lat' dir='ltr'>Vix,’¹</span> <span class='ocrx_word' id='word_1_41' title='bbox 684 968 735 1039; x_wconf 88' lang='lat' dir='ltr'>ait,</span> 
     </span>
     <span class='ocr_line' id='line_1_9' title="bbox 106 1061 837 1141; baseline 0.003 -21"><span class='ocrx_word' id='word_1_42' title='bbox 106 1068 128 1096; x_wconf 84' lang='lat'>⁴‘</span> <span class='ocrx_word' id='word_1_43' title='bbox 143 1063 194 1121; x_wconf 88' lang='lat' dir='ltr'>Me</span> <span class='ocrx_word' id='word_1_44' title='bbox 208 1071 302 1134; x_wconf 90' lang='lat' dir='ltr'>teneo,</span> <span class='ocrx_word' id='word_1_45' title='bbox 317 1063 387 1141; x_wconf 87' lang='lat' dir='ltr'>quin</span> <span class='ocrx_word' id='word_1_46' title='bbox 402 1072 431 1121; x_wconf 90' lang='lat' dir='ltr'>te</span> <span class='ocrx_word' id='word_1_47' title='bbox 444 1062 531 1121; x_wconf 84' lang='lat' dir='ltr'>saevis</span> <span class='ocrx_word' id='word_1_48' title='bbox 540 1061 668 1122; x_wconf 80' lang='lat' dir='ltr'>calcibus</span> <span class='ocrx_word' id='word_1_49' title='bbox 681 1065 837 1124; x_wconf 86' lang='lat' dir='ltr'>exteram.”</span> 
     </span>
     <span class='ocr_line' id='line_1_10' title="bbox 107 1157 902 1237; baseline 0.006 -21"><span class='ocrx_word' id='word_1_50' title='bbox 107 1158 212 1218; x_wconf 86' lang='lat' dir='ltr'>Tacuit</span> <span class='ocrx_word' id='word_1_51' title='bbox 224 1158 350 1231; x_wconf 85' lang='lat' dir='ltr'>Asellus,</span> <span class='ocrx_word' id='word_1_52' title='bbox 365 1157 473 1237; x_wconf 83' lang='lat' dir='ltr'>gemitu</span> <span class='ocrx_word' id='word_1_53' title='bbox 487 1167 609 1218; x_wconf 85' lang='lat' dir='ltr'>testatus</span> <span class='ocrx_word' id='word_1_54' title='bbox 623 1161 711 1220; x_wconf 88' lang='lat' dir='ltr'>Deos.</span> <span class='ocrx_word' id='word_1_55' title='bbox 851 1184 902 1227; x_wconf 76' lang='lat' dir='ltr'>urs</span> 
     </span>
     <span class='ocr_line' id='line_1_11' title="bbox 109 1255 784 1336; baseline 0.007 -23"><span class='ocrx_word' id='word_1_56' title='bbox 109 1255 222 1334; x_wconf 89' lang='lat' dir='ltr'>Equus,</span> <span class='ocrx_word' id='word_1_57' title='bbox 235 1257 375 1317; x_wconf 90' lang='lat' dir='ltr'>currendo</span> <span class='ocrx_word' id='word_1_58' title='bbox 387 1266 489 1336; x_wconf 91' lang='lat' dir='ltr'>ruptus</span> <span class='ocrx_word' id='word_1_59' title='bbox 502 1275 590 1335; x_wconf 82' lang='lat' dir='ltr'>parvo</span> <span class='ocrx_word' id='word_1_60' title='bbox 603 1257 631 1316; x_wconf 92' lang='lat' dir='ltr'>in</span> <span class='ocrx_word' id='word_1_61' title='bbox 646 1267 784 1336; x_wconf 87' lang='lat' dir='ltr'>tempore,</span> 
     </span>
     <span class='ocr_line' id='line_1_12' title="bbox 108 1352 828 1416; baseline 0.008 -6"><span class='ocrx_word' id='word_1_62' title='bbox 108 1352 157 1411; x_wconf 89' lang='lat' dir='ltr'>Ad</span> <span class='ocrx_word' id='word_1_63' title='bbox 169 1352 266 1413; x_wconf 81' lang='lat' dir='ltr'>villam</span> <span class='ocrx_word' id='word_1_64' title='bbox 280 1353 411 1412; x_wconf 83' lang='lat' dir='ltr'>mittitur.</span> <span class='ocrx_word' id='word_1_65' title='bbox 454 1354 542 1412; x_wconf 90' lang='lat' dir='ltr'>Hune</span> <span class='ocrx_word' id='word_1_66' title='bbox 555 1365 691 1414; x_wconf 88' lang='lat' dir='ltr'>onustum</span> <span class='ocrx_word' id='word_1_67' title='bbox 705 1365 828 1416; x_wconf 76' lang='lat' dir='ltr'>stercore</span> 
     </span>
     <span class='ocr_line' id='line_1_13' title="bbox 109 1449 639 1530; baseline 0.009 -24"><span class='ocrx_word' id='word_1_68' title='bbox 109 1449 151 1507; x_wconf 91' lang='lat' dir='ltr'>Ut</span> <span class='ocrx_word' id='word_1_69' title='bbox 164 1449 236 1508; x_wconf 81' lang='lat' dir='ltr'>vidit</span> <span class='ocrx_word' id='word_1_70' title='bbox 249 1451 365 1524; x_wconf 85' lang='lat' dir='ltr'>Asinus,</span> <span class='ocrx_word' id='word_1_71' title='bbox 379 1449 431 1509; x_wconf 88' lang='lat' dir='ltr'>tali</span> <span class='ocrx_word' id='word_1_72' title='bbox 444 1449 542 1510; x_wconf 86' lang='lat' dir='ltr'>derisit</span> <span class='ocrx_word' id='word_1_73' title='bbox 552 1451 639 1530; x_wconf 87' lang='lat' dir='ltr'>joco:</span> 
     </span>
     <span class='ocr_line' id='line_1_14' title="bbox 106 1545 815 1626; baseline 0.003 -22"><span class='ocrx_word' id='word_1_74' title='bbox 106 1552 127 1580; x_wconf 86' lang='lat'>“</span> <span class='ocrx_word' id='word_1_75' title='bbox 144 1545 222 1618; x_wconf 87' lang='lat' dir='ltr'>Quo,</span> <span class='ocrx_word' id='word_1_76' title='bbox 236 1547 366 1623; x_wconf 86' lang='lat' dir='ltr'>gloriose,</span> <span class='ocrx_word' id='word_1_77' title='bbox 382 1546 514 1626; x_wconf 80' lang='lat' dir='ltr'>phaleras·</span> <span class='ocrx_word' id='word_1_78' title='bbox 525 1547 578 1605; x_wconf 85' lang='lat' dir='ltr'>has</span> <span class='ocrx_word' id='word_1_79' title='bbox 591 1547 738 1625; x_wconf 86' lang='lat' dir='ltr'>quondam</span> <span class='ocrx_word' id='word_1_80' title='bbox 752 1548 815 1620; x_wconf 90' lang='lat' dir='ltr'>tibi,</span> 
     </span>
     <span class='ocr_line' id='line_1_15' title="bbox 109 1643 903 1722; baseline 0.005 -20"><span class='ocrx_word' id='word_1_81' title='bbox 109 1643 202 1703; x_wconf 91' lang='lat' dir='ltr'>Modo</span> <span class='ocrx_word' id='word_1_82' title='bbox 215 1643 252 1703; x_wconf 88' lang='lat' dir='ltr'>ad</span> <span class='ocrx_word' id='word_1_83' title='bbox 266 1643 434 1722; x_wconf 86' lang='lat' dir='ltr'>despectam</span> <span class='ocrx_word' id='word_1_84' title='bbox 449 1644 499 1722; x_wconf 90' lang='lat' dir='ltr'>qui</span> <span class='ocrx_word' id='word_1_85' title='bbox 514 1644 621 1703; x_wconf 87' lang='lat' dir='ltr'>rediisti</span> <span class='ocrx_word' id='word_1_86' title='bbox 635 1645 808 1704; x_wconf 88' lang='lat' dir='ltr'>miseriam.&#39;’</span> <span class='ocrx_word' id='word_1_87' title='bbox 852 1669 903 1712; x_wconf 75' lang='lat' dir='ltr'>uso</span> 
     </span>
     <span class='ocr_line' id='line_1_16' title="bbox 149 1740 799 1821; baseline 0.003 -22"><span class='ocrx_word' id='word_1_88' title='bbox 149 1740 232 1800; x_wconf 85' lang='lat' dir='ltr'>Felix</span> <span class='ocrx_word' id='word_1_89' title='bbox 245 1761 281 1800; x_wconf 87' lang='lat' dir='ltr'>ue</span> <span class='ocrx_word' id='word_1_90' title='bbox 294 1751 419 1821; x_wconf 88' lang='lat' dir='ltr'>spernat,</span> <span class='ocrx_word' id='word_1_91' title='bbox 434 1741 530 1800; x_wconf 88' lang='lat' dir='ltr'>dubise</span> <span class='ocrx_word' id='word_1_92' title='bbox 544 1742 626 1802; x_wconf 86' lang='lat' dir='ltr'>sortis</span> <span class='ocrx_word' id='word_1_93' title='bbox 642 1742 799 1815; x_wconf 84' lang='lat' dir='ltr'>immemor,</span> 
     </span>
     <span class='ocr_line' id='line_1_17' title="bbox 109 1837 814 1918; baseline 0.004 -22"><span class='ocrx_word' id='word_1_94' title='bbox 109 1837 268 1911; x_wconf 88' lang='lat' dir='ltr'>Humilem,</span> <span class='ocrx_word' id='word_1_95' title='bbox 283 1859 384 1917; x_wconf 91' lang='lat' dir='ltr'>quum,</span> <span class='ocrx_word' id='word_1_96' title='bbox 398 1839 468 1918; x_wconf 89' lang='lat' dir='ltr'>quid</span> <span class='ocrx_word' id='word_1_97' title='bbox 482 1839 595 1898; x_wconf 85' lang='lat' dir='ltr'>futurus</span> <span class='ocrx_word' id='word_1_98' title='bbox 608 1839 679 1918; x_wconf 86' lang='lat' dir='ltr'>ipse,</span> <span class='ocrx_word' id='word_1_99' title='bbox 695 1840 814 1902; x_wconf 83' lang='lat' dir='ltr'>nesciat.</span> 
     </span>
     <span class='ocr_line' id='line_1_18' title="bbox 110 1937 900 2015; baseline 0.003 -21"><span class='ocrx_word' id='word_1_100' title='bbox 110 1937 142 1994; x_wconf 90' lang='lat' dir='ltr'><em>X</em></span> <span class='ocrx_word' id='word_1_101' title='bbox 149 1937 427 2009; x_wconf 82' lang='lat' dir='ltr'>VIII.-Volucres,</span> <span class='ocrx_word' id='word_1_102' title='bbox 446 1937 656 2014; x_wconf 25' lang='lat' dir='ltr'>*Quadrupedes</span> <span class='ocrx_word' id='word_1_103' title='bbox 674 1945 704 1996; x_wconf 79' lang='lat' dir='ltr'>et</span> <span class='ocrx_word' id='word_1_104' title='bbox 721 1940 900 2015; x_wconf 81' lang='lat' dir='ltr'>Vespertilio.</span> 
     </span>
     <span class='ocr_line' id='line_1_19' title="bbox 107 2017 885 2114; baseline 0.005 -24"><span class='ocrx_word' id='word_1_105' title='bbox 107 2017 248 2092; x_wconf 73' lang='lat' dir='ltr'>Brennum</span> <span class='ocrx_word' id='word_1_106' title='bbox 263 2034 400 2112; x_wconf 84' lang='lat' dir='ltr'>gerebant</span> <span class='ocrx_word' id='word_1_107' title='bbox 414 2033 542 2092; x_wconf 85' lang='lat' dir='ltr'>volucres</span> <span class='ocrx_word' id='word_1_108' title='bbox 554 2053 623 2093; x_wconf 88' lang='lat' dir='ltr'>curn</span> <span class='ocrx_word' id='word_1_109' title='bbox 636 2033 885 2114; x_wconf 85' lang='lat' dir='ltr'>quadrupedibus,</span> 
     </span>
     <span class='ocr_line' id='line_1_20' title="bbox 107 2128 673 2199; baseline 0.005 -13"><span class='ocrx_word' id='word_1_110' title='bbox 107 2128 147 2188; x_wconf 91' lang='lat' dir='ltr'>Et</span> <span class='ocrx_word' id='word_1_111' title='bbox 161 2128 351 2188; x_wconf 86' lang='lat' dir='ltr'>vincebantur</span> <span class='ocrx_word' id='word_1_112' title='bbox 362 2149 446 2189; x_wconf 87' lang='lat' dir='ltr'>versa</span> <span class='ocrx_word' id='word_1_113' title='bbox 458 2130 580 2190; x_wconf 84' lang='lat' dir='ltr'>victores</span> <span class='ocrx_word' id='word_1_114' title='bbox 595 2131 673 2199; x_wconf 88' lang='lat' dir='ltr'>vice;</span> 
     </span>
     <span class='ocr_line' id='line_1_21' title="bbox 109 2225 904 2306; baseline 0.011 -23"><span class='ocrx_word' id='word_1_115' title='bbox 109 2225 149 2284; x_wconf 90' lang='lat' dir='ltr'>At</span> <span class='ocrx_word' id='word_1_116' title='bbox 163 2225 343 2306; x_wconf 74' lang='lat' dir='ltr'>vespertilio,</span> <span class='ocrx_word' id='word_1_117' title='bbox 357 2226 460 2286; x_wconf 89' lang='lat' dir='ltr'>dubios</span> <span class='ocrx_word' id='word_1_118' title='bbox 474 2235 593 2286; x_wconf 89' lang='lat' dir='ltr'>eventus</span> <span class='ocrx_word' id='word_1_119' title='bbox 606 2228 722 2301; x_wconf 87' lang='lat' dir='ltr'>timens,</span> <span class='ocrx_word' id='word_1_120' title='bbox 746 2246 748 2266; x_wconf 82' lang='lat'><strong>¹</strong></span> <span class='ocrx_word' id='word_1_121' title='bbox 855 2251 904 2294; x_wconf 80' lang='lat' dir='ltr'>uas</span> 
     </span>
     <span class='ocr_line' id='line_1_22' title="bbox 107 2322 753 2404; baseline 0.005 -23"><span class='ocrx_word' id='word_1_122' title='bbox 107 2322 156 2381; x_wconf 90' lang='lat' dir='ltr'>Ad</span> <span class='ocrx_word' id='word_1_123' title='bbox 170 2322 233 2384; x_wconf 93' lang='lat' dir='ltr'>illos</span> <span class='ocrx_word' id='word_1_124' title='bbox 248 2343 368 2403; x_wconf 90' lang='lat' dir='ltr'>semper,</span> <span class='ocrx_word' id='word_1_125' title='bbox 383 2343 457 2402; x_wconf 90' lang='lat' dir='ltr'>quos</span> <span class='ocrx_word' id='word_1_126' title='bbox 470 2324 619 2404; x_wconf 80' lang='lat' dir='ltr'>superdsse</span> <span class='ocrx_word' id='word_1_127' title='bbox 632 2325 753 2397; x_wconf 79' lang='lat' dir='ltr'>viderat,</span> 
     </span>
    </p>
   </div>
   <div class='ocr_carea' id='block_1_3' title="bbox 2 2419 795 2501">
    <p class='ocr_par' dir='ltr' id='par_1_3' title="bbox 2 2419 795 2501">
     <span class='ocr_line' id='line_1_23' title="bbox 2 2419 795 2501; baseline -0.003 -19"><span class='ocrx_word' id='word_1_128' title='bbox 2 2469 3 2482; x_wconf 54' lang='lat'>2</span> <span class='ocrx_word' id='word_1_129' title='bbox 108 2421 149 2479; x_wconf 83' lang='lat' dir='ltr'>Se</span> <span class='ocrx_word' id='word_1_130' title='bbox 163 2419 337 2480; x_wconf 84' lang='lat' dir='ltr'>conferebat.</span> <span class='ocrx_word' id='word_1_131' title='bbox 380 2422 413 2480; x_wconf 87' lang='lat' dir='ltr'>In</span> <span class='ocrx_word' id='word_1_132' title='bbox 427 2441 527 2500; x_wconf 81' lang='lat' dir='ltr'>pacem</span> <span class='ocrx_word' id='word_1_133' title='bbox 541 2442 632 2501; x_wconf 92' lang='lat' dir='ltr'>quum</span> <span class='ocrx_word' id='word_1_134' title='bbox 646 2423 795 2500; x_wconf 88' lang='lat' dir='ltr'>pristinam</span> 
     </span>
    </p>
   </div>
   <div class='ocr_carea' id='block_1_4' title="bbox 107 2517 904 3084">
    <p class='ocr_par' dir='ltr' id='par_1_4' title="bbox 107 2517 904 2888">
     <span class='ocr_line' id='line_1_24' title="bbox 109 2517 771 2598; baseline 0.005 -22"><span class='ocrx_word' id='word_1_135' title='bbox 109 2517 284 2591; x_wconf 88' lang='lat' dir='ltr'>Rediisseut,</span> <span class='ocrx_word' id='word_1_136' title='bbox 298 2519 376 2578; x_wconf 86' lang='lat' dir='ltr'>lraus</span> <span class='ocrx_word' id='word_1_137' title='bbox 389 2520 504 2598; x_wconf 87' lang='lat' dir='ltr'>utrique</span> <span class='ocrx_word' id='word_1_138' title='bbox 518 2518 613 2597; x_wconf 86' lang='lat' dir='ltr'>generi</span> <span class='ocrx_word' id='word_1_139' title='bbox 628 2520 771 2598; x_wconf 86' lang='lat' dir='ltr'>apparuit.</span> 
     </span>
     <span class='ocr_line' id='line_1_25' title="bbox 108 2614 721 2694; baseline 0.002 -20"><span class='ocrx_word' id='word_1_140' title='bbox 108 2614 274 2674; x_wconf 79' lang='lat' dir='ltr'>Damnatus</span> <span class='ocrx_word' id='word_1_141' title='bbox 287 2633 354 2692; x_wconf 89' lang='lat' dir='ltr'>ergo</span> <span class='ocrx_word' id='word_1_142' title='bbox 369 2625 428 2674; x_wconf 89' lang='lat' dir='ltr'>tam</span> <span class='ocrx_word' id='word_1_143' title='bbox 441 2615 579 2694; x_wconf 89' lang='lat' dir='ltr'>pudendo</span> <span class='ocrx_word' id='word_1_144' title='bbox 594 2615 721 2683; x_wconf 85' lang='lat' dir='ltr'>crimine,</span> 
     </span>
     <span class='ocr_line' id='line_1_26' title="bbox 108 2711 904 2792; baseline 0.004 -23"><span class='ocrx_word' id='word_1_145' title='bbox 108 2711 215 2770; x_wconf 87' lang='lat' dir='ltr'>Lucem</span> <span class='ocrx_word' id='word_1_146' title='bbox 230 2712 384 2790; x_wconf 84' lang='lat' dir='ltr'>refugiens,</span> <span class='ocrx_word' id='word_1_147' title='bbox 399 2713 468 2772; x_wconf 89' lang='lat' dir='ltr'>atris</span> <span class='ocrx_word' id='word_1_148' title='bbox 482 2714 603 2792; x_wconf 87' lang='lat' dir='ltr'>posthac</span> <span class='ocrx_word' id='word_1_149' title='bbox 616 2712 747 2772; x_wconf 90' lang='lat' dir='ltr'>condidit</span> <span class='ocrx_word' id='word_1_150' title='bbox 854 2735 904 2782; x_wconf 78' lang='lat'><strong>¹⁷90</strong></span> 
     </span>
     <span class='ocr_line' id='line_1_27' title="bbox 107 2808 768 2888; baseline 0.005 -21"><span class='ocrx_word' id='word_1_151' title='bbox 107 2809 148 2868; x_wconf 88' lang='lat' dir='ltr'>Se</span> <span class='ocrx_word' id='word_1_152' title='bbox 161 2809 297 2880; x_wconf 87' lang='lat' dir='ltr'>tenebris,</span> <span class='ocrx_word' id='word_1_153' title='bbox 311 2808 372 2870; x_wconf 85' lang='lat' dir='ltr'>sola</span> <span class='ocrx_word' id='word_1_154' title='bbox 386 2809 520 2869; x_wconf 89' lang='lat' dir='ltr'>noctibus</span> <span class='ocrx_word' id='word_1_155' title='bbox 534 2830 647 2888; x_wconf 87' lang='lat' dir='ltr'>semper</span> <span class='ocrx_word' id='word_1_156' title='bbox 660 2809 768 2870; x_wconf 88' lang='lat' dir='ltr'>volans.</span> 
     </span>
    </p>

    <p class='ocr_par' dir='ltr' id='par_1_5' title="bbox 108 2905 732 3084">
     <span class='ocr_line' id='line_1_28' title="bbox 150 2905 706 2986; baseline 0.007 -24"><span class='ocrx_word' id='word_1_157' title='bbox 150 2905 209 2973; x_wconf 82' lang='lat' dir='ltr'>Qui</span> <span class='ocrx_word' id='word_1_158' title='bbox 223 2925 253 2965; x_wconf 88' lang='lat' dir='ltr'>se</span> <span class='ocrx_word' id='word_1_159' title='bbox 265 2905 378 2966; x_wconf 90' lang='lat' dir='ltr'>duabus</span> <span class='ocrx_word' id='word_1_160' title='bbox 392 2906 552 2966; x_wconf 81' lang='lat' dir='ltr'>venditobit</span> <span class='ocrx_word' id='word_1_161' title='bbox 566 2907 706 2986; x_wconf 88' lang='lat' dir='ltr'>partibus,</span> 
     </span>
     <span class='ocr_line' id='line_1_29' title="bbox 108 3001 732 3084; baseline 0.008 -25"><span class='ocrx_word' id='word_1_162' title='bbox 108 3001 246 3079; x_wconf 88' lang='lat' dir='ltr'>Utrisque</span> <span class='ocrx_word' id='word_1_163' title='bbox 259 3003 388 3081; x_wconf 86' lang='lat' dir='ltr'>ingratus</span> <span class='ocrx_word' id='word_1_164' title='bbox 402 3004 490 3062; x_wconf 87' lang='lat' dir='ltr'>vitam</span> <span class='ocrx_word' id='word_1_165' title='bbox 504 3003 590 3082; x_wconf 88' lang='lat' dir='ltr'>deget</span> <span class='ocrx_word' id='word_1_166' title='bbox 603 3005 732 3084; x_wconf 91' lang='lat' dir='ltr'>turpiter.</span> 
     </span>
    </p>
   </div>
   <div class='ocr_carea' id='block_1_5' title="bbox 105 3101 903 3264">
    <p class='ocr_par' dir='ltr' id='par_1_6' title="bbox 105 3101 903 3264">
     <span class='ocr_line' id='line_1_30' title="bbox 118 3101 903 3188; baseline -0.009 -12"><span class='ocrx_word' id='word_1_167' title='bbox 118 3171 122 3180; x_wconf 83' lang='lat'>.</span> <span class='ocrx_word' id='word_1_168' title='bbox 141 3117 180 3152; x_wconf 75' lang='lat'>¹⁷⁷⁹</span> <span class='ocrx_word' id='word_1_169' title='bbox 198 3120 257 3178; x_wconf 74' lang='lat' dir='ltr'>Qvto,</span> <span class='ocrx_word' id='word_1_170' title='bbox 274 3121 327 3185; x_wconf 67' lang='lat' dir='ltr'>dte]</span> <span class='ocrx_word' id='word_1_171' title='bbox 346 3121 394 3172; x_wconf 90' lang='lat' dir='ltr'>Ubi</span> <span class='ocrx_word' id='word_1_172' title='bbox 408 3137 471 3170; x_wconf 91' lang='lat' dir='ltr'>nunc</span> <span class='ocrx_word' id='word_1_173' title='bbox 491 3117 547 3171; x_wconf 82' lang='lat' dir='ltr'>sunt</span> <span class='ocrx_word' id='word_1_174' title='bbox 560 3121 612 3170; x_wconf 76' lang='lat' dir='ltr'>istc</span> <span class='ocrx_word' id='word_1_175' title='bbox 625 3121 728 3188; x_wconf 81' lang='lat' dir='ltr'>phalerae</span> <span class='ocrx_word' id='word_1_176' title='bbox 743 3101 814 3171; x_wconf 69' lang='lat' dir='ltr'>luel</span> <span class='ocrx_word' id='word_1_177' title='bbox 848 3121 903 3180; x_wconf 86' lang='lat' dir='ltr'>Quo</span> 
     </span>
     <span class='ocr_line' id='line_1_31' title="bbox 105 3196 669 3264; baseline 0 -17"><span class='ocrx_word' id='word_1_178' title='bbox 105 3196 171 3256; x_wconf 84' lang='lat' dir='ltr'>illas,</span> <span class='ocrx_word' id='word_1_179' title='bbox 183 3196 226 3246; x_wconf 84' lang='lat' dir='ltr'>tibi</span> <span class='ocrx_word' id='word_1_180' title='bbox 239 3205 340 3264; x_wconf 83' lang='lat' dir='ltr'>ereptas,</span> <span class='ocrx_word' id='word_1_181' title='bbox 354 3198 452 3248; x_wconf 88' lang='lat' dir='ltr'>Domini</span> <span class='ocrx_word' id='word_1_182' title='bbox 470 3199 506 3249; x_wconf 88' lang='lat' dir='ltr'>tui</span> <span class='ocrx_word' id='word_1_183' title='bbox 517 3198 669 3250; x_wconf 84' lang='lat' dir='ltr'>detuleruntl</span> 
     </span>
    </p>
   </div>
   <div class='ocr_carea' id='block_1_6' title="bbox 0 0 1155 3684">
    <p class='ocr_par' dir='ltr' id='par_1_7' title="bbox 0 0 1155 3684">
     <span class='ocr_line' id='line_1_32' title="bbox 0 0 1155 3684; baseline 0 0"><span class='ocrx_word' id='word_1_184' title='bbox 0 0 1155 3684; x_wconf 95' lang='lat' dir='ltr'> </span> 
     </span>
    </p>
   </div>
  </div>
 </body>
</html>
