2298 3684
257 243 294 298 78
586 257 722 302 bunnar
745 273 748 276 -

431 386 514 448 XXI
515 386 702 466 X.-Equus
715 395 745 444 et
760 387 879 446 Asinus.

257 485 380 552 Eouuu
395 485 515 563 rogabat
529 482 636 544 Asinus
650 483 812 563 paullulum
824 483 933 544 hordei.

256 587 275 616 “
293 581 444 641 Libenter''
459 580 509 653 ait,
526 586 545 615 “
560 589 590 640 et
603 580 627 638 si
641 589 803 660 superesset
817 580 933 660 largiter

257 678 314 738 Pro
327 678 469 756 dignitate
482 687 581 737 nostra
593 677 746 740 tribuerem
758 677 822 738 tibi.
838 709 841 716 ⁴

257 775 349 837 Simul
362 774 412 834 sed
427 784 525 835 nostra
538 794 654 853 vespere
668 774 706 834 ad
720 777 862 853 praesepia

258 873 381 944 Veneto,
394 890 463 932 mox
475 871 595 951 plenum
607 871 682 931 farre
696 870 845 930 sacculum
859 869 966 932 dabo.”
1001 887 1056 938 rooo

258 969 372 1028 Asellus
384 969 496 1047 inquit:
519 974 538 1002 “
555 967 642 1028 Nunc
655 967 706 1045 qui
719 985 778 1028 rem
791 987 907 1047 parvam
921 987 1024 1048 negas,

259 1067 338 1136 Quid
352 1067 380 1125 in
396 1067 502 1146 majore
514 1074 543 1124 te
556 1064 903 1127 facturam-existimem.”

291 1163 361 1235 Qui,
377 1181 483 1240 magna
494 1181 586 1240 quum
599 1161 781 1240 promittunt,
794 1181 883 1240 parva
894 1161 1054 1241 denegant,

260 1261 294 1319 ln
307 1259 406 1319 dando
420 1279 451 1318 se
464 1258 623 1318 tenaciores
636 1258 775 1320 indicant.

414 1356 618 1416 XXXe-Lem
628 1377 714 1416 senec
728 1366 758 1416 et
775 1357 890 1435 Vulpes.

260 1454 432 1514 Dsrscrus
447 1453 541 1526 annis,
555 1452 723 1531 languorem
738 1453 823 1512 linxit
837 1454 912 1522 Leo;
1005 1468 1057 1520 1⁹⁶⁵

261 1554 412 1630 AEgroturn
428 1551 465 1611 ad
480 1571 576 1630 regem
590 1549 764 1610 visitandum
778 1551 879 1612 bestiae

261 1648 362 1708 Plures
376 1658 532 1709 venerunt:
554 1648 673 1708 devorat
685 1667 758 1726 quas
771 1648 911 1727 protinus.

260 1745 320 1805 Sed
334 1756 420 1805 cauta
431 1744 536 1825 Vulpis
549 1754 615 1806 ants
630 1745 796 1823 speluncam
811 1745 911 1824 procul

261 1843 365 1902 Stabat
379 1842 508 1904 salutans
521 1861 627 1920 regem.
669 1841 768 1910 Quum
781 1853 864 1920 rogat
878 1843 934 1904 Leo

262 1940 322 2000 Cur
335 1959 393 1998 nou
408 1940 543 2000 intraret:
565 1945 585 1974 “
602 1938 695 1998 Video
708 1939 787 2017 quod
799 1938 920 2016 vestigia
1005 1962 1048 2006 rou

263 2035 436 2106 intrantium
450 2035 543 2098 multa
555 2047 587 2096 at
599 2035 681 2096 nulla
694 2035 890 2098 exeuntium.”

302 2132 442 2194 Prodesse
455 2133 547 2192 cautis
561 2132 689 2212 pericula
703 2132 821 2192 aliorum
836 2132 938 2192 solent.

423 2229 515 2292 XXX
520 2231 689 2290 l.-Pulex
703 2239 732 2290 et
750 2231 896 2290 Comedus.

262 2327 374 2387 Poonx
389 2326 499 2387 Cameli
512 2325 597 2385 dorso
611 2326 684 2386 forte
698 2327 861 2400 considens,

263 2425 408 2485 Gravatus
421 2421 519 2482 multis
532 2422 582 2502 qui
594 2423 746 2484 incedebat
760 2425 889 2497 sarcinis,

263 2523 325 2583 Sibi
338 2522 482 2602 placebat,
497 2520 584 2600 longe
599 2521 675 2581 visus
688 2520 781 2582 altior.
1004 2541 1053 2590 sors

262 2621 321 2682 Iter
334 2640 424 2698 quum
437 2619 557 2698 longum
570 2618 707 2692 facerent,
721 2639 838 2699 vespera
850 2617 935 2680 simul

263 2717 310 2776 Ad
324 2716 469 2776 stabulum
483 2725 633 2776 venerunt.
675 2715 768 2776 Pulex
784 2716 882 2776 leviter
894 2715 992 2778 statim

263 2811 309 2872 Ad
325 2822 429 2874 terram
442 2812 557 2886 saliens,
571 2818 589 2848 “
605 2812 712 2884 Ecce,’'
726 2812 810 2886 dixit,
824 2818 844 2847 “
860 2812 940 2872 ocius

265 2908 429 2981 Descendo,
445 2908 573 2968 attritum
586 2929 623 2968 ne
637 2928 752 2987 gravem
765 2909 902 2970 diutius.'’

264 3008 306 3069 At
318 3005 366 3066 ille
379 3012 399 3041 ‘⁸
415 3005 538 3065 Gratum
553 3007 615 3066 est”
630 3007 734 3086 iuquit,
751 3012 770 3040 “
783 3007 837 3068 sed
851 3025 905 3068 nec
918 3005 1051 3086 pondere,

263 3107 305 3166 Te
318 3102 460 3184 imposito,
476 3122 522 3163 me
535 3103 645 3182 gravad
658 3106 763 3164 sentire
776 3104 870 3184 potui,

266 3203 341 3274 Nec,
354 3211 383 3260 te
395 3198 519 3280 dejecto,
533 3199 638 3260 habere
652 3200 723 3279 quid
737 3200 916 3262 levaminis.’'
