2286 3696
346 245 448 290 ursan
464 245 627 292 ausurus,
769 258 771 268 ν
843 231 885 288 47,

89 373 196 431 Avertit
209 372 318 434 oculos.
361 371 487 432 Onusam
503 371 636 450 quaesivit
651 372 747 432 Pater.

90 476 109 504 ‘⁶
120 468 212 541 'Odi‚’'
226 469 333 547 inquit·
347 475 366 502 “
383 468 475 539 illum,
490 469 559 546 quin
572 467 656 529 malis
670 470 783 531 amicus
794 482 849 544 est,

91 566 238 645 Simulque
252 566 366 645 objecto
381 575 487 626 cuncta
501 567 660 645 corrumpit
672 567 785 627 lucro.”

320 663 500 722 XII.-Leo
513 681 648 740 emaus.

91 761 231 818 Urrsrus
246 758 357 817 homini
369 758 439 823 nibil
451 769 506 831 est,
521 778 609 838 quam
618 769 700 820 'recte
713 760 792 840 loqui
805 782 812 822 ι
836 783 886 822 nso

91 856 244 916 Probanda
258 855 371 916 cunctis
385 856 559 934 estquidam
574 858 729 931 sententia,

91 953 150 1012 Sed
164 953 205 1012 ad-
215 953 372 1032 p'ernieiem
383 952 455 1014 solet
469 952 516 1030 agi
530 952 688 1014 sinceritas.
791 963 794 969 '
873 979 887 992 r

131 1047 229 1118 Quum
242 1071 273 1108 se
286 1050 409 1119 ferarum
423 1070 519 1128 regem
533 1049 649 1111 fecisset
663 1053 730 1125 leo,

91 1148 131 1207 Et
145 1147 289 1225 aequitatis
305 1147 390 1207 vellet
404 1146 519 1210 landem
531 1149 685 1227 consequi,

90 1247 117 1302 A
132 1245 250 1324 pristina
263 1245 381 1305 deflexit
395 1244 613 1316 consuetudine,

91 1343 188 1421 Atque
205 1342 277 1406 inter
290 1342 353 1402 illas
367 1342 447 1404 tenui
461 1351 615 1401 contentus
629 1344 705 1415 cibo,

91 1439 201 1498 Sancta
215 1438 379 1516 incorrupta
389 1439 456 1518 jura
470 1438 610 1498 reddebat
623 1439 690 1498 fide.

132 1536 291 1614 Postquam
304 1535 400 1598 labare
413 1535 501 1613 coepit
515 1537 693 1615 poenitentia,

313 1634 402 1694 XIII
403 1635 659 1694 .-Pr'ometlreas.

90 1730 256 1797 Afflictione
271 1731 372 1790 veretri
386 1730 516 1808 linguam
530 1730 666 1803 mulieris,

91 1827 271 1888 Affinitatem
286 1828 373 1886 traxit
387 1827 455 1888 inde
469 1828 651 1889 obscoenitas.

133 1925 259 2003 Rogavit
272 1925 353 1996 alter,
367 1924 494 1988 tribadas
508 1935 538 1984 et
550 1925 651 1986 molles
665 1947 757 1988 mares

91 2022 169 2090 Quae
182 2019 256 2080 ratio
270 2021 471 2099 procreasset?
492 2023 626 2100 exposuit
637 2043 745 2082 senex:

89 2127 109 2153 ‘⁴
129 2119 211 2178 Idem
225 2118 424 2191 Prometheus,
440 2127 539 2182 auctor
551 2118 629 2196 vulgi
643 2119 756 2188 fictilis;

90 2215 152 2284 Qui
168 2215 252 2274 simul
267 2214 389 2276 offendit
402 2215 440 2276 ad
454 2215 611 2288 fortunam,
626 2215 767 2294 frangitur
776 2235 785 2284 ;

90 2313 214 2372 Naturae
228 2323 334 2392 partes,
348 2321 428 2374 veste
442 2333 515 2391 quas
529 2312 604 2373 celat
619 2313 723 2392 pudor,

90 2409 194 2478 Quum
209 2409 361 2487 separatim
375 2418 438 2468 toto
452 2409 583 2468 finxisset
596 2409 653 2482 die,

89 2509 202 2587 Aptare
217 2526 284 2565 mox
298 2518 331 2566 ut
345 2517 440 2587 posset
455 2507 622 2585 corporibus
635 2507 705 2577 suis,

89 2604 139 2664 Ad
156 2623 269 2664 coeuam
283 2613 327 2662 est
341 2604 478 2665 invitatus
491 2603 587 2662 subito
601 2623 619 2662 a
633 2603 752 2672 Libero;
773 2671 774 2674 Ἴ

89 2701 150 2760 Ubi
166 2701 298 2778 irrigatus
312 2700 404 2761 multo
419 2720 505 2760 venas
520 2709 647 2772 nectare,

87 2798 165 2858 Sero
180 2797 298 2856 domum
312 2806 357 2856 est
370 2816 498 2859 reversus
512 2795 649 2856 titubanti
664 2794 747 2874 pede.

85 2893 167 2954 Tum
181 2894 353 2955 semisomno
366 2894 462 2966 corde,
478 2903 508 2954 et
520 2912 613 2952 errore
626 2893 714 2966 ebrio,

87 2991 244 3074 Applicuit
257 2991 394 3070 virginale
408 2991 506 3070 generi
519 2991 660 3063 masculo,

121 3119 178 3184 ¹¹⁵⁸]
195 3122 292 3170 Desunt
308 3121 379 3186 hujus
393 3120 487 3170 labellre
505 3121 567 3176 finis,
580 3128 604 3170 et
621 3119 740 3185 sequentis
756 3115 891 3166 initium.-

85 3197 127 3230 ¹¹⁸¹
149 3197 274 3262 Tribunus]
291 3197 401 3250 mulieres
412 3197 553 3264 impudicas.
