2298 3684
382 242 581 284 snnrnnrrn.
826 227 879 282 lll

88 369 883 452 Maiusquicunqueinpoennestpraesidiumestbonis.

87 466 246 528 Manifesta
256 488 346 529 ceusu
359 489 456 529 secum
471 469 560 530 habet
573 469 755 530 sententiam.
837 487 838 491 ’

86 564 243 626 Mansuete
254 565 361 626 tutiora
376 575 453 638 sunt,
469 566 519 626 sed
534 567 671 628 serviunt.

87 661 236 722 Medicina
249 663 420 723 calamitatis
433 672 477 722 est
490 664 705 744 aequanimitas.
844 683 883 730 sos

86 757 235 819 Medicina
246 759 309 820 sole
322 759 510 840 miseriarum,
524 760 640 820 obliuio.

86 855 224 916 Meretrix
238 865 283 916 est
295 855 516 916 instrumentum
528 857 724 918 contumelioe.

86 953 278 1014 Metuendum
294 971 407 1034 semper
420 964 465 1015 est
478 955 515 1028 ei,
529 955 608 1034 qnod
623 964 720 1024 tntum
734 955 813 1044 velis.

86 1050 201 1111 Metum
215 1052 355 1131 respicere
368 1071 427 1110 non
441 1051 525 1124 solet,
540 1052 681 1130 quicquid
690 1052 785 1132 juvat.

86 1148 186 1209 Metus
201 1149 345 1228 improbos
358 1149 527 1228 compescit,
542 1168 601 1208 non
615 1150 778 1210 clementia.
837 1173 885 1211 vsno

87 1245 188 1306 Metus
201 1267 269 1306 cum
282 1246 371 1319 venit,-
386 1267 482 1306 rerum
496 1247 585 1308 habet
597 1267 716 1307 somnus
730 1249 837 1308 locum.

87 1343 258 1404 Mrurnuss
273 1343 356 1423 eripit
370 1343 500 1404 Fortuna
512 1347 559 1404 cui
574 1344 725 1404 minimum
739 1345 829 1406 dedit.

86 1440 121 1498 M
125 1457 204 1502 tuos
219 1440 363 1520 decipitur
376 1441 423 1500 cui
438 1452 560 1520 negatur
574 1441 704 1501 celerius.

87 1537 189 1597 Minus
198 1549 241 1598 est
253 1558 341 1616 quam
356 1558 453 1598 servus
466 1538 610 1610 dominus,
619 1538 670 1617 qui
681 1557 776 1599 servos
789 1539 880 1600 timet.
960 1539 963 1548 ‘

86 1635 182 1694 Minu'
197 1655 276 1714 soepe
289 1655 402 1716 pecces,
417 1635 441 1694 si
454 1636 527 1695 scias
540 1636 612 1714 quid
626 1635 747 1696 nescies.
843 1657 883 1697 sos

86 1731 221 1792 Mrsuns
239 1742 283 1792 est
295 1733 438 1812 voluptas,
452 1731 502 1791 ubi
516 1731 613 1812 pericli
627 1733 764 1794 memoria
777 1745 831 1794 est.

86 1827 178 1888 Miser
191 1829 248 1888 dici
262 1830 354 1889 bonus
368 1829 420 1901 vir,
435 1848 497 1888 esse
511 1849 569 1888 non
584 1838 688 1908 potest.

85 1925 187 1985 Miseri
200 1936 244 1986 est
258 1927 367 1986 nescire
381 1926 443 1986 siue
456 1927 563 2006 periclo
574 1927 678 1988 vivere.

86 2022 235 2083 Miserinm
248 2024 356 2084 nescire
370 2024 432 2082 sine
445 2023 553 2102 periclo
567 2035 611 2084 est
623 2027 726 2084 rivere.

86 2120 251 2180 Misericors
264 2121 334 2180 civis
346 2120 446 2200 pstriae
461 2130 506 2180 est
518 2122 687 2182 consolatio.
760 2125 882 2202 [caret.)

87 2218 287 2278 Mrsnnnrun
302 2226 347 2278 est
360 2217 487 2291 fortuna,
501 2238 569 2299 quoe
587 2219 718 2280 inimicos
733 2219 805 2280 latet
821 2224 882 2298 (-co

88 2315 281 2376 Miserrimum
295 2326 339 2377 est
353 2315 469 2377 arbitrio
483 2315 599 2376 alterius
613 2316 716 2378 vivere.

87 2412 226 2474 Miserum
241 2423 286 2474 est
298 2423 393 2474 tacere
408 2413 484 2492 cogi,
498 2413 577 2492 quod
591 2415 691 2493 cupies
706 2413 797 2492 toqui.

86 2511 227 2570 Miserum
240 2521 269 2571 te
279 2511 392 2591 judico,
407 2511 487 2590 quod
501 2530 651 2590 nunquam
666 2511 754 2572 fueris
767 2511 862 2570 miser.

88 2607 174 2668 More
187 2607 370 2686 cogitationis
382 2608 533 2688 diligentia
546 2617 599 2667 est.
846 2629 886 2668 ns

88 2706 172 2766 Mora
186 2705 280 2765 omnis
292 2705 360 2765 odio
374 2715 428 2778 est,
443 2705 494 2766 sed
509 2705 580 2765 facit
593 2704 776 2783 sapientiam.

88 2803 164 2864 Mori
178 2813 222 2862 est
233 2803 324 2863 felicis
339 2813 493 2880 antequam
508 2812 629 2862 mortem
644 2802 768 2863 invocet.

88 2901 165 2960 Mori
178 2921 296 2962 necesse
310 2911 364 2975 est,
380 2900 431 2960 sed
445 2919 504 2959 non
518 2900 631 2979 quoties
644 2900 780 2961 volueris*

88 2997 214 3058 Mortem
228 2998 329 3058 timere
343 2997 489 3058 crudelius
503 3007 548 3058 est
559 3017 648 3076 quum
662 2997 744 3057 mori.

89 3096 215 3154 Mortem
230 3095 280 3154 ubi
294 3105 474 3169 contemnas,
487 3115 589 3155 omnes
599 3095 699 3156 viceris
713 3105 818 3154 metus.
849 3096 887 3154 ‘ssu

89 3193 278 3254 Munrrnrns
291 3192 412 3254 lncrimn
426 3193 643 3256 condimentum
657 3191 775 3254 malitie
787 3200 840 3252 est.
