2298 3684
350 253 501 293 russeum
517 251 625 292 norm.
670 229 673 238 ’
849 233 892 293 95

88 383 159 442 Late
174 381 321 442 secums.'’
362 382 488 460 Jamque
501 391 620 440 venator
634 399 777 458 sequens:

88 487 109 514 “
127 480 250 552 Quaeso,
265 479 408 551 Bubuloe,
420 477 562 558 numquid
576 478 632 538 huc
646 478 724 537 venit
739 477 865 556 Iepus”

88 585 109 612 “
125 576 225 648 Venit,
241 577 292 636 sed
307 577 378 636 abiit
393 576 448 635 hac
462 576 500 635 ad
515 575 648 648 laevum,”
664 585 694 635 et
706 575 855 634 dexterum

91 675 281 735 Demonstrat
296 685 369 734 nutu
384 685 505 753 partem.
548 675 678 734 Venator
690 673 767 734 citus

92 772 160 831 Non
177 771 328 843 intellexit,
340 791 428 850 seque
442 791 458 830 e
473 781 631 849 conspectu
646 771 774 831 abstulit.
851 787 893 829 sss

90 869 176 927 Tune
189 869 230 928 sic
245 867 416 928 Bubulcus:
439 875 460 904 ‘⁶
476 865 588 944 Ecquid
603 877 646 926 est
660 877 773 944 gratum
789 867 853 938 tibi,

95 965 183 1034 Quod
198 975 227 1024 te
242 965 333 1024 celaui
342 965 434 1023 l’'-·“
452 963 571 1042 Linguae
585 961 703 1047 prorsus
715 983 773 1022 nou
788 983 868 1042 nego

93 1063 210 1120 Habere
224 1073 312 1140 atque
326 1081 409 1139 agere
424 1062 564 1120 maximas
578 1081 624 1120 me
639 1061 754 1138 gratias.

93 1159 203 1218 Verum
216 1159 308 1217 oculis
322 1171 355 1218 ut
370 1158 485 1238 priveris
500 1169 569 1238 opto
584 1159 730 1237 perfidis.'’

221 1257 283 1314 XX
290 1257 569 1316 VIM-Meretrix
584 1266 614 1315 et
628 1257 760 1316 Juvenis.

94 1354 198 1423 Quum
213 1352 391 1412 blandiretur
406 1353 513 1413 Juveui
525 1353 658 1412 meretrix
671 1354 792 1433 perfidu,
853 1371 895 1414 sou

94 1452 133 1512 Et
148 1452 206 1523 ille,
222 1451 309 1510 laesus
324 1452 422 1510 multis
436 1472 514 1530 suepe
528 1451 649 1530 injuriis,

98 1552 207 1609 Tamen
216 1550 360 1626 prolueret
373 1569 435 1608 sese
450 1549 568 1608 facilem
582 1549 708 1620 mulieri,

94 1647 144 1706 Sic
158 1646 304 1704 infidelis:
327 1653 346 1679 ⁴·
365 1647 475 1704 Plures
485 1646 651 1704 muneribus
665 1645 732 1705 licet

99 1743 295 1813 contendant,
308 1762 361 1820 ego
376 1753 405 1800 te
420 1741 533 1820 plurimi
549 1742 624 1801 lucio
637 1744 766 1802 tamen.'’

96 1840 217 1900 iuvenis
233 1839 385 1899 recordans
398 1840 511 1916 quoties
525 1839 665 1918 deceptus
679 1840 762 1912 louet,
855 1857 896 1902 sor

96 1947 115 1972 “
128 1937 298 2007 Lubenter‚”
310 1937 414 2016 inquit,
424 1945 443 1970 “
454 1958 518 1996 meu
526 1936 588 2009 lux,
599 1937 675 1997 hano
686 1951 785 1998 vocem
795 1939 897 2012 audi0,

97 2035 163 2093 Non
180 2035 258 2114 quod
272 2033 380 2102 fideles,
394 2034 444 2092 sed
459 2018 682 2112 quotl‘jueundu
696 2055 727 2094 es
742 2037 841 2098 mihi.’'

292 2133 294 2138 ’
364 2121 630 2191 xxm-Filii.

95 2230 207 2287 Cunus
222 2227 347 2306 effugere
361 2243 453 2306 quum
462 2229 525 2307 jam
540 2249 597 2286 non
614 2229 703 2308 possit
718 2231 812 2301 Fiber,

98 2324 210 2400 (Groeci
226 2325 362 2402 loquaces
377 2345 463 2402 quem
479 2324 613 2385 dixerunt
628 2327 787 2385 Castorem.

100 2422 141 2480 Et
154 2421 321 2480 indiderunt
333 2423 434 2480 bestiae
449 2442 553 2481 nomen
571 2423 637 2495 Dei,
860 2445 899 2484 sro

97 2519 140 2578 Hi
152 2521 203 2598 qui
217 2537 246 2577 se
257 2519 372 2598 jactant
386 2520 423 2578 de
440 2519 587 2578 verborum
603 2519 687 2597 copia
700 2521 722 2594 l)

96 2616 235 2694 Abripere
250 2635 346 2674 morsu
362 2616 451 2675 fertur
464 2615 610 2674 testiculos
624 2616 691 2688 sibi,

98 2714 178 2782 Quia
193 2721 308 2792 propter
321 2713 387 2772 illos
400 2713 505 2773 sentiat
518 2731 579 2771 sese
594 2712 666 2790 peti,

100 2811 209 2870 Divina
222 2810 300 2888 quod
315 2810 425 2869 ratione
440 2810 498 2868 lieri
513 2829 570 2869 non
585 2829 699 2888 negem.

97 2909 228 2969 Venator
242 2929 378 2988 numque,
394 2909 479 2969 simul
495 2909 604 2970 invenit
619 2910 787 2983 remedium,
860 2932 898 2974 urs

98 3007 217 3066 Omittit
231 3007 325 3086 ipsum
340 3007 483 3086 persequi,
499 3018 529 3067 et
542 3019 627 3067 vocat
640 3028 737 3069 osnes.

144 3105 210 3165 Hoc
225 3104 248 3162 si
262 3114 398 3184 praestsre
413 3115 531 3184 possent
544 3105 685 3178 homines,
700 3115 733 3165 ut
747 3126 800 3165 suo

116 3232 147 3267 ⁸⁷⁴
166 3233 253 3282 Divino
264 3233 365 3298 rulime]
384 3233 413 3282 Id
424 3234 488 3299 quod
501 3235 616 3301 Virgilius
627 3234 763 3284 ‘divinitus'
775 3235 886 3302 appellat.

112 3313 144 3348 ⁸⁷⁷
163 3314 224 3379 Suo]
236 3315 255 3367 i.
265 3331 288 3367 e.
300 3315 350 3365 suis
361 3315 457 3364 divitiis.
