2298 3684
267 222 305 280 70
592 235 729 278 sarensi

266 365 420 443 Terraeque
433 363 551 424 tandem
566 363 625 424 Bos
636 363 800 444 procumbit
814 375 954 434 mortuus.
1016 387 1066 432 mo

267 461 390 522 Asinum
404 462 549 521 bubulcus
563 481 649 522 carne
663 480 733 522 mos
746 472 846 522 onerat
859 463 957 537 Bovis,

268 560 325 628 Qui
341 560 443 640 plagas
455 558 528 618 inter
542 558 620 618 inille
631 568 737 638 ruptus
746 559 883 633 concidit,

269 657 308 718 Et
321 656 470 737 expiravit,
484 655 582 715 media
593 655 804 734 collapsusvis.

270 755 318 814 Ad
333 753 463 833 praedarn
478 751 619 814 Volneres
633 752 819 813 convolantes
833 747 988 834 inquiunt:

269 851 334 910 “Si
348 860 377 910 te
391 850 520 930 precanti
532 849 631 910 mitem
644 849 823 910 exhibuisses
838 851 920 924 Bovi,
1014 871 1066 918 ms

270 949 336 1009 Non
352 949 504 1008 immaturo
515 963 648 1026 pasceres
661 955 717 1006 nos
727 945 857 1006 lunsre.''
897 977 899 981 ·

492 1045 522 1102 X
528 1045 662 1103 V.··l›eo
676 1052 707 1102 et
720 1045 842 1114 Pastor.
876 1082 878 1088 ι

270 1143 406 1202 Ennavs
419 1141 450 1199 in
464 1140 544 1220 sylva
557 1140 670 1220 spinam
683 1139 806 1199 calcavit
819 1140 888 1212 Leo,

270 1239 343 1299 Mox
357 1237 395 1297 ad
409 1236 558 1297 Pastorem
571 1236 666 1296 cauda
679 1236 759 1296 venit
766 1236 936 1299 blandiens:

271 1341 290 1370 “
305 1336 351 1394 Ne
364 1334 547 1414 perturberis,—
560 1334 681 1412 imploro
695 1334 819 1414 supplex
831 1351 937 1414 opem,

273 1433 341 1491 Non
353 1431 483 1511 proedam
496 1431 626 1510 quaero.''
667 1430 755 1490 Ponit
769 1431 798 1491 in
813 1433 921 1510 gremio
934 1431 1039 1512 pedem

272 1530 369 1590 Homo
382 1529 543 1602 sublatum,
554 1537 583 1588 ct
597 1527 726 1588 eximens
739 1530 862 1608 spinam,
876 1524 956 1608 gravi

273 1628 361 1688 Levat
374 1627 482 1687 dolore.
526 1625 615 1686 Redit
626 1624 696 1685 hinc
707 1626 740 1684 in
752 1627 842 1688 silvas
853 1628 921 1701 Leo,
1001 1619 1003 1624 ’

272 1726 358 1786 Falso
371 1734 438 1805 post
450 1734 565 1802 tempus
574 1731 729 1783 accusatus
740 1723 858 1784 cumina

273 1823 376 1884 Pastor
389 1822 555 1893 damnatur,
567 1817 756 1898 emundandis
769 1821 905 1900 proximis

272 1922 290 1979 J
292 1918 385 1999 ejunis
398 1916 498 1997 projici
509 1916 628 1996 jubetur
641 1917 751 1976 bestiis,
1014 1937 1066 1983 uss

273 2014 479 2075 Emissaedum
492 2012 680 2074 discursitant
693 2013 799 2093 passim
813 2014 891 2086 serae,

273 2111 400 2191 Agnovit
411 2110 567 2181 hominem,
583 2109 634 2188 qui
647 2110 821 2170 medicinam
835 2110 951 2184 feceret,
1016 2151 1019 2158 »

274 2211 342 2282 Ico,
356 2217 386 2267 et
397 2207 543 2267 sublatum
557 2223 654 2267 rursus
667 2207 698 2265 in
711 2207 820 2286 gremio
830 2199 934 2286 pedem

273 2304 387 2366 Pastori
400 2304 491 2382 ponit.
535 2304 599 2362 Rex
614 2312 648 2362 ut
661 2304 789 2382 agnovit,
805 2303 902 2364 statim

272 2402 367 2484 Sylvis
379 2402 513 2472 Leonem,
526 2410 556 2460 et
570 2401 718 2460 Pastorem
733 2401 829 2460 teddit
841 2401 910 2460 suis.
1017 2417 1068 2466 uso

463 2499 494 2556 X
500 2499 709 2558 Vre-Tauros
723 2508 754 2558 et
771 2499 875 2559 Oeten.

274 2598 391 2658 Cunnrr
408 2615 498 2674 quum
511 2596 637 2656 Taurum
651 2593 836 2674 provenisset
849 2593 968 2669 viribus,

274 2693 381 2755 Cuncti
395 2705 534 2752 venerunt
548 2693 659 2772 populi,
675 2702 708 2752 ut
722 2703 850 2772 pugnarn
864 2702 1022 2766 cernerent,

273 2790 367 2850 Culex
380 2800 460 2850 turn:
483 2797 502 2825 “
518 2791 596 2850 Satis
609 2799 664 2862 est,
679 2790 759 2868 qnod
773 2789 875 2850 venisti
889 2789 1037 2851 corninus:

274 2888 351 2948 Nam
364 2905 469 2966 purim
482 2887 562 2959 milli,
572 2887 684 2967 judicio
699 2903 763 2946 sum
777 2905 899 2965 magnus
912 2888 992 2946 tuo.'’

274 2985 351 3044 Hinc
364 3002 394 3042 se
408 3003 459 3062 per
472 3003 555 3044 auras
568 3001 666 3062 penna
679 2984 797 3044 sustulit
809 2965 876 3056 levi,
1017 3001 1067 3050 nos

273 3081 410 3159 Lusitque
423 3083 548 3154 turbam,
562 3092 592 3141 et
604 3082 691 3142 Tauri
704 3081 835 3142 destituit
848 3081 952 3142 minas.

273 3179 361 3248 Quod
376 3179 400 3239 si
413 3179 514 3240 fuisset
526 3178 628 3238 validae
644 3178 762 3239 cervicis
775 3193 893 3252 memor,
