2286 3696
227 227 232 254 r
327 245 329 251 .
369 213 635 260 truncamus.
664 211 666 216 ’
884 205 901 260 3

107 345 234 408 Omnino
249 345 369 406 insuetis
381 359 465 418 ortu's3
481 339 510 406 et
523 347 678 427 coepissent
691 339 781 427 queri,
829 385 832 392 .
877 391 882 402 .

109 446 232 524 AEsopus
246 439 409 504 talemtum
426 444 561 504 fabellam
575 443 713 504 retulit-

148 541 253 614 Ranoe,
266 551 405 620 vagantes
419 540 515 600 liberis
529 535 695 621 paludibus,
724 554 726 560 ’
784 579 786 584 -
888 531 903 542 ”

108 636 361 716 Clamoremagno
375 657 471 716 regem
485 632 596 717 petiere
606 658 624 698 a
633 639 721 710 tiore,

108 735 167 806 Qui
180 735 335 796 dissolutos
348 754 442 796 mores
454 727 482 795 vi
496 745 700 814 compesceret.

107 832 194 893 Pater
206 827 326 893 deorum
340 832 411 906 risit,
424 842 513 912 atque
528 833 585 892 iilis
597 832 678 892 dedit
861 907 863 912 Α

109 925 233 990 Paruum
245 929 381 1008 tigillum,
394 930 512 989 missum
525 928 604 1008 quod
618 923 818 1003 subituvadis,

109 1027 194 1088 Motu
209 1047 337 1107 sonoque
349 1027 449 1087 terruit
463 1027 599 1106 pavidum
614 1047 716 1106 genus.

109 1126 175 1186 Hoc
189 1145 314 1184 mersum
330 1125 397 1184 limo
411 1121 477 1185 cuin
488 1126 598 1204 jaceret
612 1125 730 1197 diutius,

109 1222 272 1288 Forteuna
284 1223 372 1282 tacite
387 1217 524 1302 proferte
538 1233 640 1301 stagno
652 1233 751 1307 caput,
851 1267 854 1275 .

111 1317 161 1392 Et,
173 1319 321 1400 explorato
334 1315 412 1400 rege,
426 1330 548 1380 cunctas
561 1331 672 1380 evocat.
850 1313 856 1322 ’

108 1417 183 1490 sslae,
197 1417 298 1477 timore
309 1417 415 1497 posito,
431 1417 562 1476 certatim
577 1417 728 1489 adnatant,

107 1515 288 1594 lignumque
302 1533 388 1594 supra
402 1516 487 1574 turba
498 1515 634 1593 ‘petulans
648 1514 756 1575 insilit:

107 1611 196 1680 Quod
211 1609 276 1672 dum
290 1612 489 1690 inquinassent
500 1612 579 1672 omni
593 1612 777 1688 contumelia,

107 1709 207 1772 Alium
220 1720 355 1788 rogantes
366 1722 466 1786 regem
481 1708 582 1768 misere
596 1709 633 1768 ed
643 1710 760 1784 dorem,
800 1745 804 1752 ·

108 1806 224 1868 inutilis
236 1807 375 1886 quoniam
388 1816 473 1877 esset,
488 1806 538 1887 qui
553 1807 646 1866 fuerat
660 1806 756 1866 datus.

105 1905 182 1966 Tum
196 1904 273 1964 misit
287 1904 342 1963 iliis
355 1903 488 1983 hydrum,
503 1903 554 1982 qui
568 1902 655 1963 deute
670 1923 772 1984 aspero

110 2000 260 2082 Corripere
272 2001 359 2080 coepit
373 2000 511 2079 singulas.
553 2001 670 2062 Frustra
684 2021 784 2062 necem

108 2098 248 2177 Fugitant
262 2098 366 2158 inertes
378 2119 386 2167 ;
408 2117 509 2158 vocem
522 2097 677 2176 praecludit
691 2109 795 2159 metus.

107 2197 219 2257 Furtim
234 2197 321 2276 igitur
333 2197 406 2257 dant
421 2197 564 2257 Mercurio
577 2197 716 2257 mandata
728 2198 766 2258 ad
780 2200 893 2271 Jovem,

16 2337 17 2342 κ
107 2294 229 2358 Afflictis
242 2305 275 2355 ut
289 2306 448 2358 succurrat.
487 2295 571 2354 Tunc
584 2305 685 2354 contra
698 2295 781 2367 deus,
864 2318 906 2356 uo

110 2401 130 2428 “
143 2391 223 2460 Quia
236 2393 369 2452 uoluistis
379 2403 504 2453 vestrum
519 2393 620 2465 ferress’
635 2393 740 2472 iuquit,-
754 2399 773 2428 “
785 2395 903 2466 bonum,

110 2489 389 2568 MalumvperferteP
415 2489 451 2526 ·’“
466 2479 528 2548 ‘Vos
542 2508 667 2567 quoque,
681 2507 699 2548 ο
713 2489 818 2561 cives,''
833 2490 883 2562 ait,

106 2594 129 2626 ‘⁴
146 2586 213 2647 Hoc
225 2586 376 2660 sustinete,
390 2588 485 2668 majus
499 2606 536 2646 ue
550 2586 646 2646 veniat
660 2585 797 2647 malum.'’

291 2685 550 2746 Ille-‘Graculus
565 2683 721 2760 Superbus.

110 2781 162 2841 Ne
175 2779 288 2860 gloriari
303 2781 392 2841 libeat
404 2781 505 2841 alienis
518 2781 612 2855 bonis,

109 2879 230 2959 Suoque
244 2879 339 2959 potius
352 2879 453 2968 habitu
468 2877 556 2938 vitum
570 2877 684 2957 degere,
881 2901 906 2940 es

141 3023 164 3056 ³¹
185 3014 276 3072 Liberti
292 3024 428 3088 paludibus]
446 3023 526 3073 libere
542 3023 567 3072 iu
582 3023 726 3092 paludibus:
753 3025 904 3076 ωπον.-

107 3099 143 3165 ⁸⁵]
162 3099 253 3167 supple
270 3105 277 3128 ¹
289 3110 316 3150 ut
330 3100 422 3164 libeat'
437 3117 484 3178 oon
499 3109 526 3179 ut
541 3099 566 3152 io
585 3100 655 3176 priori
669 3118 736 3152 versu
750 3107 760 3130 ¹
773 3117 802 3152 ue
817 3102 906 3152 libeut'.

109 3176 204 3242 mous]
214 3185 295 3232 Μ’
