2286 3696
254 227 297 284 48*
365 244 498 284 runnur
515 242 722 285 eleusinum
740 243 933 287 msoersuuu

254 372 294 431 Et
307 372 466 432 masculina
479 373 608 432 membra
622 373 763 452 applicuit
777 374 912 434 foeminis.
989 405 992 412 ν
1054 417 1056 424 >

254 471 300 536 lta
313 490 391 529 nune
404 467 493 529 libido
507 488 595 548 pravo
609 469 712 528 fruitur
723 471 864 548 gaudi0.'’·

444 567 495 624 XI
501 566 708 643 V.—Capellae
722 577 752 626 et
766 569 864 629 Hirci.
945 629 948 636 Δ

254 663 399 722 Bonnam
414 662 545 740 Capellae
558 681 647 740 quum
662 661 864 742 impetrassent
878 666 915 726 ab
928 666 1012 736 Jove,

254 760 335 819 Hirci
350 759 506 818 moerentes
517 759 660 838 indignari
674 771 830 838 coeperant,

253 857 341 925 Quod
356 857 526 934 dignitatem
541 856 666 914 foeminae
680 872 846 935 aequassent
860 878 959 928 suam;

253 960 273 988 “
290 954 412 1026 Sinite‚''
427 953 531 1032 inquit,
546 959 565 986 “
582 948 649 1020 illas
660 953 751 1031 gloria
763 975 839 1014 vana
849 951 921 1029 frui,

253 1051 293 1110 Et
306 1070 443 1129 usurpare
455 1051 538 1110 vestri
554 1059 687 1113 ornatum
701 1052 838 1122 muneris,
969 1125 973 1140 ‹

254 1148 342 1207 Pares
356 1149 426 1206 dum
441 1166 500 1206 non
515 1147 575 1206 sint
586 1156 688 1206 vestrae
702 1147 908 1208 fortitudinis.”
994 1163 1051 1211 ereo

256 1278 260 1296 ι
293 1244 359 1306 Hoc
374 1254 575 1323 argumentum
591 1253 698 1316 monet,
712 1255 744 1304 ut
758 1245 900 1306 sustineas
914 1245 966 1306 tibi

253 1341 364 1402 Habitu
378 1361 441 1401 esse
454 1341 571 1412 similes,
585 1340 636 1419 qui
650 1351 718 1402 sunt
731 1341 834 1401 virtute
848 1343 979 1423 impares.
997 1397 1000 1402 .
1033 1385 1036 1392 .

408 1440 438 1496 Χ
445 1439 710 1505 V.-Gubernator
723 1450 752 1498 et
767 1440 887 1500 Noutoe.

252 1536 354 1604 Quum
370 1537 406 1596 de
422 1537 543 1599 fortunis
557 1536 675 1616 quidam
691 1546 856 1614 quereretur
869 1537 938 1610 suis,
1007 1581 1010 1586 ·

252 1637 376 1713 AEsopus
389 1633 473 1693 finxit
486 1633 655 1693 consolandi
670 1629 772 1712 gratia.

291 1732 406 1792 Vexata
418 1729 505 1791 suevis
515 1731 596 1790 navis
609 1731 840 1810 tempestatibus,
928 1777 933 1788 .
996 1737 1051 1794 nae

251 1829 330 1888 Inter
343 1827 645 1908 vectorum-lacrymas
659 1838 690 1887 et
702 1828 801 1888 mortis
815 1838 924 1888 metum
937 1849 949 1890 ε.

250 1925 366 1984 Faciem
382 1925 419 1985 ad
433 1944 568 1984 serenam.
578 1925 673 1984 subito
689 1934 817 1984 mutetur
831 1926 902 1985 dies.

250 2021 327 2081 Ferri
341 2022 474 2082 secundis
488 2032 552 2081 tuta
566 2021 653 2100 eoepit
665 2021 793 2093 flatibus,

250 2118 404 2197 Nimiaque
419 2115 522 2178 nautas
537 2119 681 2178 hilaritate
695 2119 841 2179 extollere.

248 2217 356 2275 Factus
373 2216 485 2294 periclo
494 2225 558 2275 tum
570 2218 744 2294 gubernator
756 2216 864 2295 sophus
876 2236 884 2284 ς
995 2237 1047 2284 noo

249 2320 268 2360 t‘
286 2313 377 2372 Parce
392 2311 518 2390 gaudere
531 2323 653 2392 oportet,
668 2322 698 2372 et
711 2313 817 2372 sensim
827 2313 927 2392 queri:

247 2411 349 2471 Totam
364 2413 433 2489 quia
446 2410 534 2470 vitam
549 2411 650 2471 miscet
662 2411 743 2471 dolor
757 2420 786 2470 et
800 2409 969 2489 gaudium.”

381 2509 411 2565 X
417 2509 462 2566 VI
463 2503 629 2568 ss-Garrum
645 2510 735 2586 leqati
748 2510 789 2568 ad
802 2510 914 2568 Iovem.

205 2631 207 2636 ·
248 2604 356 2663 Ciues
372 2603 482 2683 legatos
495 2605 564 2664 olim
579 2605 679 2665 misere
693 2603 731 2664 ad
746 2605 860 2676 Jovem,

249 2700 376 2760 Melioris
390 2700 457 2758 vitae
472 2710 586 2780 tempus
600 2711 717 2760 oratum·
730 2721 801 2772 suae,

248 2783 290 2856 tlt
303 2817 364 2856 sese
379 2798 520 2876 abriperet
534 2795 684 2857 hominum
699 2797 881 2858 contumeliis
992 2819 1045 2864 119⁵

246 2893 416 2953 Furfuribus
429 2895 483 2954 sibi
496 2915 682 2974 conspersum
697 2895 776 2974 quod
790 2915 894 2974 panem
908 2894 1023 2967 darent,

247 2991 386 3072 Fimoque
401 2991 477 3071 turpi
491 2993 645 3051 maximam
659 2993 807 3073 explerent
819 2992 934 3052 famem.

388 3183 426 3216 nu
444 3145 536 3246 pmii]
552 3183 662 3236 videlicet
675 3185 754 3255 ‘phane
767 3185 895 3250 fabellam!
