2286 3696
355 229 455 270 ursan
471 227 628 276 Quirinos.
851 209 888 266 ot

92 360 278 422 Constantior
290 359 407 418 fuissem
423 378 489 417 vera
500 357 689 418 existimans:

94 459 181 517 Nunc
195 457 288 517 conde
301 458 406 516 sermm
419 467 449 515 et
461 456 590 534 linguam
606 455 711 531 pariter
724 453 850 526 futilem,

95 556 136 614 Ut
150 555 241 636 possis
254 554 325 613 alios
340 553 505 632 ignorantes
519 551 628 610 fallere.

95 653 160 730 Ego
173 652 223 731 qui
237 672 301 711 sum
315 661 461 730 expertus,
476 649 592 728 quantis
605 647 699 726 fugias
713 647 830 716 viribus,

94 750 162 809 Seio
177 749 248 829 quid
264 748 360 807 virtuti
375 767 431 806 oon
447 747 484 806 sit
498 745 673 805 credendum
688 746 779 805 tuae.'’
840 767 893 804 rno

136 845 183 904 lili
197 845 334 924 assignari
346 845 433 904 debet
446 843 510 903 hoec
525 842 659 912 narratio,

76 1019 78 1026 y
94 943 154 1011 Qui
168 963 197 1002 re
211 942 339 1002 secunda
352 942 433 1001 fortis
447 950 502 1011 est,
517 939 607 998 dubia
621 939 721 1017 fugax.

295 1039 518 1099 [IL-Caluus
532 1046 562 1096 et
577 1038 695 1098 Museo.

92 1139 202 1198 Csnv1
217 1136 372 1197 momordit
387 1136 491 1195 Musca
505 1135 647 1193 nudatum
660 1145 759 1214 capnt,

94 1235 191 1303 Quam
211 1232 370 1313 opprimere
383 1242 515 1312 captans,
529 1232 644 1311 alapam
659 1233 712 1292 sibi
727 1233 812 1306 duxit
825 1253 891 1312 gra-

216 1350 300 1397 vem3

94 1429 178 1487 Tunc
193 1427 242 1487 illa
256 1427 396 1487 irridens:
419 1434 438 1460 “
452 1426 599 1485 Punctum
612 1425 736 1486 volucris
747 1427 876 1506 parvuloe

93 1525 219 1585 Voluisti
233 1534 322 1584 morte
336 1524 454 1593 ulcisei;
478 1522 548 1603 quid
562 1523 652 1583 facies
666 1524 729 1597 tibi,

94 1623 213 1702 injuriae
227 1621 277 1699 qui
289 1620 434 1681 addideris
446 1621 651 1680 contumeliam
665 1619 697 1679 2³⁹

95 1719 277 1799 Respondit:
300 1726 319 1753 “
336 1718 453 1778 Mecum
468 1718 553 1800 facile
567 1718 654 1778 redeo
668 1718 695 1776 in
711 1719 844 1796 gratiam,

95 1817 174 1886 Quia
186 1837 246 1876 non
260 1816 347 1876 fuisse
361 1826 486 1876 mentem
501 1815 625 1875 laedendi
641 1816 719 1875 scio:

93 1913 153 1974 Sed
165 1926 207 1985 te,
219 1914 356 1974 contemti
370 1913 482 1992 generis
495 1913 602 1972 animal
617 1913 790 1992 improbum,
838 1934 890 1972 uro

96 2012 172 2080 Quae
188 2011 339 2070 delectaris
353 2011 450 2070 bibere
462 2010 622 2070 humanum
636 2011 819 2089 sanguinem,

94 2109 203 2189 Optem
217 2127 319 2168 necare
331 2108 376 2167 vel
392 2108 501 2186 majore
514 2107 727 2168 incommodo.'’

136 2207 202 2265 Hoc
217 2215 386 2284 argumento
400 2206 513 2264 veniam
528 2214 588 2264 tam
602 2205 665 2265 dari
678 2205 764 2266 decet

95 2304 154 2372 Qui
168 2323 238 2362 casu
254 2313 365 2381 penem,
381 2321 469 2380 quam
482 2303 532 2380 qui
547 2302 666 2362 consilio
681 2313 726 2362 est
739 2323 864 2373 nocens:

6 2429 7 2448 κ
95 2401 182 2460 Illum
197 2419 259 2459 esse
272 2400 404 2478 quamvis
416 2420 502 2479 poena
516 2400 636 2478 dignum
647 2401 759 2481 judico.
842 2421 893 2460 nas

275 2555 277 2562 ,
306 2498 325 2555 I
331 2499 502 2557 V.-Homo
516 2507 546 2556 et
559 2500 678 2556 Asinus.
713 2521 715 2524 ·

93 2596 235 2665 Qurnun
248 2594 538 2654 immoldssetverrem
547 2613 638 2672 quum
647 2604 750 2655 sancto
760 2595 890 2670 Herculi,

95 2693 153 2752 Cui
167 2711 219 2771 pro
232 2693 324 2752 salute
338 2701 437 2751 votum
452 2692 577 2752 debebat
588 2712 651 2764 sua,

92 2790 193 2852 Asello
204 2790 292 2870 jussit
305 2789 440 2867 reliquias
455 2790 523 2870 poni
537 2789 649 2848 hordei.

94 2888 362 2966 Quasiaspernatus
376 2887 422 2947 ille
437 2888 477 2946 sie
492 2887 629 2965 loquutus
643 2897 688 2946 est
700 2885 708 2948 't

93 2992 112 3019 ‘⁴
128 2985 224 3044 Tuum
240 2984 360 3044 libenter
374 3004 489 3064 prorsus
503 2993 667 3063 appeterem
682 2986 790 3060 cibum,
844 3009 896 3044 nso

95 3081 159 3142 Nisi
174 3082 224 3162 qui
237 3081 361 3142 nutritus
376 3082 425 3141 illo
439 3091 493 3155 est,
504 3081 659 3161 jugulatus
671 3084 773 3144 foret.'’

133 3179 232 3259 Hujus
245 3189 376 3258 respectu
391 3178 499 3238 fabuloe
513 3179 666 3239 deterritus
