<?xml version="1.0" encoding="UTF-8"?>
<!DOCTYPE html PUBLIC "-//W3C//DTD XHTML 1.0 Transitional//EN"
    "http://www.w3.org/TR/xhtml1/DTD/xhtml1-transitional.dtd">
<html xmlns="http://www.w3.org/1999/xhtml" xml:lang="en" lang="en">
 <head>
  <title>
</title>
<meta http-equiv="Content-Type" content="text/html;charset=utf-8" />
  <meta name='ocr-system' content='tesseract 3.04.00' />
  <meta name='ocr-capabilities' content='ocr_page ocr_carea ocr_par ocr_line ocrx_word'/>
</head>
<body>
  <div class='ocr_page' id='page_1' title='image "./phaedriaugustil00publgoog_0086.png"; bbox 0 0 2298 3684; ppageno 0'>
   <div class='ocr_carea' id='block_1_1' title="bbox 309 222 915 282">
    <p class='ocr_par' dir='ltr' id='par_1_1' title="bbox 309 222 915 282">
     <span class='ocr_line' id='line_1_1' title="bbox 309 222 915 282; baseline 0.012 -9"><span class='ocrx_word' id='word_1_1' title='bbox 309 234 482 274; x_wconf 77' lang='lat' dir='ltr'>anenunrx</span> <span class='ocrx_word' id='word_1_2' title='bbox 497 233 716 276; x_wconf 69' lang='lat' dir='ltr'>manuninum.</span> <span class='ocrx_word' id='word_1_3' title='bbox 873 222 915 282; x_wconf 40' lang='lat'>75*</span> 
     </span>
    </p>
   </div>
   <div class='ocr_carea' id='block_1_2' title="bbox 115 359 913 637">
    <p class='ocr_par' dir='ltr' id='par_1_2' title="bbox 115 359 913 637">
     <span class='ocr_line' id='line_1_2' title="bbox 115 359 913 443; baseline 0.008 -23"><span class='ocrx_word' id='word_1_4' title='bbox 115 359 243 420; x_wconf 80' lang='lat' dir='ltr'>AEtemae</span> <span class='ocrx_word' id='word_1_5' title='bbox 257 361 419 422; x_wconf 80' lang='lat' dir='ltr'>caecitatem</span> <span class='ocrx_word' id='word_1_6' title='bbox 433 361 531 422; x_wconf 81' lang='lat' dir='ltr'>noetis</span> <span class='ocrx_word' id='word_1_7' title='bbox 543 362 713 443; x_wconf 74' lang='lat' dir='ltr'>imprecor.&#39;’</span> <span class='ocrx_word' id='word_1_8' title='bbox 862 387 913 433; x_wconf 76' lang='lat' dir='ltr'>:aas</span> 
     </span>
     <span class='ocr_line' id='line_1_3' title="bbox 154 457 823 541; baseline 0.009 -25"><span class='ocrx_word' id='word_1_9' title='bbox 154 457 215 526; x_wconf 82' lang='lat' dir='ltr'>Qui</span> <span class='ocrx_word' id='word_1_10' title='bbox 228 458 320 518; x_wconf 86' lang='lat' dir='ltr'>verbis</span> <span class='ocrx_word' id='word_1_11' title='bbox 334 458 451 518; x_wconf 85' lang='lat' dir='ltr'>blandis</span> <span class='ocrx_word' id='word_1_12' title='bbox 465 460 595 520; x_wconf 84' lang='lat' dir='ltr'>fraudem</span> <span class='ocrx_word' id='word_1_13' title='bbox 609 461 684 522; x_wconf 90' lang='lat' dir='ltr'>celat</span> <span class='ocrx_word' id='word_1_14' title='bbox 697 470 823 541; x_wconf 83' lang='lat' dir='ltr'>pectore,</span> 
     </span>
     <span class='ocr_line' id='line_1_4' title="bbox 116 553 714 637; baseline 0.008 -23"><span class='ocrx_word' id='word_1_15' title='bbox 116 553 182 614; x_wconf 85' lang='lat' dir='ltr'>Hoc</span> <span class='ocrx_word' id='word_1_16' title='bbox 197 564 367 634; x_wconf 84' lang='lat' dir='ltr'>argumento</span> <span class='ocrx_word' id='word_1_17' title='bbox 381 573 412 616; x_wconf 89' lang='lat' dir='ltr'>se</span> <span class='ocrx_word' id='word_1_18' title='bbox 425 556 548 616; x_wconf 82' lang='lat' dir='ltr'><strong>describi</strong></span> <span class='ocrx_word' id='word_1_19' title='bbox 562 557 714 637; x_wconf 78' lang='lat' dir='ltr'>intelligat.</span> 
     </span>
    </p>
   </div>
   <div class='ocr_carea' id='block_1_3' title="bbox 113 652 912 2667">
    <p class='ocr_par' dir='ltr' id='par_1_3' title="bbox 113 652 912 2667">
     <span class='ocr_line' id='line_1_5' title="bbox 226 652 800 726; baseline 0.012 -17"><span class='ocrx_word' id='word_1_20' title='bbox 226 652 308 710; x_wconf 86' lang='lat' dir='ltr'>XXI</span> <span class='ocrx_word' id='word_1_21' title='bbox 314 653 533 726; x_wconf 80' lang='lat' dir='ltr'>V.-Mondua,</span> <span class='ocrx_word' id='word_1_22' title='bbox 555 656 650 714; x_wconf 76' lang='lat' dir='ltr'>Verus</span> <span class='ocrx_word' id='word_1_23' title='bbox 665 665 695 715; x_wconf 86' lang='lat' dir='ltr'>et</span> <span class='ocrx_word' id='word_1_24' title='bbox 706 655 800 716; x_wconf 81' lang='lat' dir='ltr'>Simii.</span> 
     </span>
     <span class='ocr_line' id='line_1_6' title="bbox 114 747 743 826; baseline 0.01 -20"><span class='ocrx_word' id='word_1_25' title='bbox 114 747 269 808; x_wconf 81' lang='lat' dir='ltr'>Aosurns</span> <span class='ocrx_word' id='word_1_26' title='bbox 285 749 416 809; x_wconf 75' lang='lat' dir='ltr'>Mendax</span> <span class='ocrx_word' id='word_1_27' title='bbox 428 759 459 809; x_wconf 86' lang='lat' dir='ltr'>et</span> <span class='ocrx_word' id='word_1_28' title='bbox 471 750 557 810; x_wconf 90' lang='lat' dir='ltr'>simul</span> <span class='ocrx_word' id='word_1_29' title='bbox 572 750 668 811; x_wconf 82' lang='lat' dir='ltr'>Verax</span> <span class='ocrx_word' id='word_1_30' title='bbox 681 751 743 826; x_wconf 86' lang='lat' dir='ltr'>iter,</span> 
     </span>
     <span class='ocr_line' id='line_1_7' title="bbox 115 843 684 908; baseline 0.007 -4"><span class='ocrx_word' id='word_1_31' title='bbox 115 843 151 904; x_wconf 93' lang='lat' dir='ltr'>In</span> <span class='ocrx_word' id='word_1_32' title='bbox 166 844 321 905; x_wconf 83' lang='lat' dir='ltr'>Simiorum</span> <span class='ocrx_word' id='word_1_33' title='bbox 334 846 407 906; x_wconf 84' lang='lat' dir='ltr'>forte</span> <span class='ocrx_word' id='word_1_34' title='bbox 422 857 525 907; x_wconf 84' lang='lat' dir='ltr'>terram</span> <span class='ocrx_word' id='word_1_35' title='bbox 538 861 684 908; x_wconf 80' lang='lat' dir='ltr'>venerant.</span> 
     </span>
     <span class='ocr_line' id='line_1_8' title="bbox 116 939 912 1022; baseline 0.011 -23"><span class='ocrx_word' id='word_1_36' title='bbox 116 939 143 999; x_wconf 90' lang='lat' dir='ltr'>E</span> <span class='ocrx_word' id='word_1_37' title='bbox 157 942 242 1002; x_wconf 79' lang='lat' dir='ltr'>turba</span> <span class='ocrx_word' id='word_1_38' title='bbox 256 953 290 1002; x_wconf 88' lang='lat' dir='ltr'>ut</span> <span class='ocrx_word' id='word_1_39' title='bbox 302 942 375 1002; x_wconf 88' lang='lat' dir='ltr'>uidit</span> <span class='ocrx_word' id='word_1_40' title='bbox 386 961 474 1017; x_wconf 73' lang='lat' dir='ltr'>unus,</span> <span class='ocrx_word' id='word_1_41' title='bbox 487 945 538 1022; x_wconf 85' lang='lat' dir='ltr'>qni</span> <span class='ocrx_word' id='word_1_42' title='bbox 551 963 581 1005; x_wconf 91' lang='lat' dir='ltr'>se</span> <span class='ocrx_word' id='word_1_43' title='bbox 595 941 702 1005; x_wconf 78' lang='lat' dir='ltr'>fecerat</span> <span class='ocrx_word' id='word_1_44' title='bbox 847 957 912 1008; x_wconf 70' lang='lat' dir='ltr'>uaso</span> 
     </span>
     <span class='ocr_line' id='line_1_9' title="bbox 115 1035 686 1119; baseline 0.007 -22"><span class='ocrx_word' id='word_1_45' title='bbox 115 1038 239 1117; x_wconf 84' lang='lat' dir='ltr'>Regem,</span> <span class='ocrx_word' id='word_1_46' title='bbox 253 1040 343 1099; x_wconf 82' lang='lat' dir='ltr'>teneri</span> <span class='ocrx_word' id='word_1_47' title='bbox 352 1039 440 1119; x_wconf 85' lang='lat' dir='ltr'>jussit</span> <span class='ocrx_word' id='word_1_48' title='bbox 453 1040 527 1114; x_wconf 87' lang='lat' dir='ltr'>illos,</span> <span class='ocrx_word' id='word_1_49' title='bbox 543 1035 631 1101; x_wconf 86' lang='lat' dir='ltr'>sciret</span> <span class='ocrx_word' id='word_1_50' title='bbox 643 1052 686 1114; x_wconf 91' lang='lat' dir='ltr'>ut,</span> 
     </span>
     <span class='ocr_line' id='line_1_10' title="bbox 116 1134 796 1219; baseline 0.01 -26"><span class='ocrx_word' id='word_1_51' title='bbox 116 1134 163 1194; x_wconf 93' lang='lat' dir='ltr'>De</span> <span class='ocrx_word' id='word_1_52' title='bbox 177 1155 208 1194; x_wconf 91' lang='lat' dir='ltr'>se</span> <span class='ocrx_word' id='word_1_53' title='bbox 221 1136 292 1215; x_wconf 92' lang='lat' dir='ltr'>quid</span> <span class='ocrx_word' id='word_1_54' title='bbox 304 1136 434 1196; x_wconf 87' lang='lat' dir='ltr'>homines</span> <span class='ocrx_word' id='word_1_55' title='bbox 448 1136 595 1198; x_wconf 80' lang='lat' dir='ltr'>dicerent:</span> <span class='ocrx_word' id='word_1_56' title='bbox 615 1137 700 1198; x_wconf 85' lang='lat' dir='ltr'>simui</span> <span class='ocrx_word' id='word_1_57' title='bbox 711 1140 796 1219; x_wconf 84' lang='lat' dir='ltr'>jubet</span> 
     </span>
     <span class='ocr_line' id='line_1_11' title="bbox 115 1231 699 1314; baseline 0.01 -24"><span class='ocrx_word' id='word_1_58' title='bbox 115 1231 226 1292; x_wconf 80' lang='lat' dir='ltr'>Omnes</span> <span class='ocrx_word' id='word_1_59' title='bbox 239 1233 353 1294; x_wconf 79' lang='lat' dir='ltr'>adstare</span> <span class='ocrx_word' id='word_1_60' title='bbox 367 1234 473 1294; x_wconf 85' lang='lat' dir='ltr'>Simios</span> <span class='ocrx_word' id='word_1_61' title='bbox 487 1235 574 1314; x_wconf 82' lang='lat' dir='ltr'>longo</span> <span class='ocrx_word' id='word_1_62' title='bbox 588 1235 699 1309; x_wconf 85' lang='lat' dir='ltr'>ordine,</span> 
     </span>
     <span class='ocr_line' id='line_1_12' title="bbox 115 1330 775 1412; baseline 0.006 -22"><span class='ocrx_word' id='word_1_63' title='bbox 115 1330 227 1390; x_wconf 83' lang='lat' dir='ltr'>Dextra</span> <span class='ocrx_word' id='word_1_64' title='bbox 241 1330 389 1411; x_wconf 87' lang='lat' dir='ltr'>laevaque;</span> <span class='ocrx_word' id='word_1_65' title='bbox 412 1332 463 1392; x_wconf 87' lang='lat' dir='ltr'>sed</span> <span class='ocrx_word' id='word_1_66' title='bbox 477 1333 532 1391; x_wconf 90' lang='lat' dir='ltr'>sibi</span> <span class='ocrx_word' id='word_1_67' title='bbox 546 1333 614 1412; x_wconf 87' lang='lat' dir='ltr'>poni</span> <span class='ocrx_word' id='word_1_68' title='bbox 629 1334 775 1406; x_wconf 83' lang='lat' dir='ltr'>thronum,</span> 
     </span>
     <span class='ocr_line' id='line_1_13' title="bbox 117 1427 911 1508; baseline 0.006 -23"><span class='ocrx_word' id='word_1_69' title='bbox 117 1427 159 1486; x_wconf 85' lang='lat' dir='ltr'>Ut</span> <span class='ocrx_word' id='word_1_70' title='bbox 172 1427 322 1488; x_wconf 90' lang='lat' dir='ltr'>hominum</span> <span class='ocrx_word' id='word_1_71' title='bbox 336 1449 416 1507; x_wconf 82' lang='lat' dir='ltr'>reges</span> <span class='ocrx_word' id='word_1_72' title='bbox 431 1429 578 1508; x_wconf 90' lang='lat' dir='ltr'>quondam</span> <span class='ocrx_word' id='word_1_73' title='bbox 593 1430 687 1490; x_wconf 83' lang='lat' dir='ltr'>iacere</span> <span class='ocrx_word' id='word_1_74' title='bbox 699 1431 819 1490; x_wconf 78' lang='lat' dir='ltr'>viderat.</span> <span class='ocrx_word' id='word_1_75' title='bbox 861 1453 911 1491; x_wconf 78' lang='lat' dir='ltr'>raas</span> 
     </span>
     <span class='ocr_line' id='line_1_14' title="bbox 117 1523 858 1605; baseline 0.008 -24"><span class='ocrx_word' id='word_1_76' title='bbox 117 1523 190 1582; x_wconf 83' lang='lat' dir='ltr'>Mox</span> <span class='ocrx_word' id='word_1_77' title='bbox 201 1523 298 1604; x_wconf 88' lang='lat' dir='ltr'>jussos</span> <span class='ocrx_word' id='word_1_78' title='bbox 311 1525 441 1586; x_wconf 87' lang='lat' dir='ltr'>homiues</span> <span class='ocrx_word' id='word_1_79' title='bbox 455 1525 484 1584; x_wconf 89' lang='lat' dir='ltr'>in</span> <span class='ocrx_word' id='word_1_80' title='bbox 499 1526 627 1586; x_wconf 90' lang='lat' dir='ltr'>medium</span> <span class='ocrx_word' id='word_1_81' title='bbox 641 1525 746 1585; x_wconf 82' lang='lat' dir='ltr'>adduci</span> <span class='ocrx_word' id='word_1_82' title='bbox 759 1537 858 1605; x_wconf 88' lang='lat' dir='ltr'>rogat:</span> 
     </span>
     <span class='ocr_line' id='line_1_15' title="bbox 117 1621 795 1703; baseline 0.003 -23"><span class='ocrx_word' id='word_1_83' title='bbox 117 1629 138 1656; x_wconf 79' lang='lat'>‘⁶</span> <span class='ocrx_word' id='word_1_84' title='bbox 155 1621 328 1690; x_wconf 81' lang='lat' dir='ltr'>Qualisnam</span> <span class='ocrx_word' id='word_1_85' title='bbox 341 1622 422 1682; x_wconf 89' lang='lat' dir='ltr'>vobis</span> <span class='ocrx_word' id='word_1_86' title='bbox 435 1641 497 1682; x_wconf 89' lang='lat' dir='ltr'>esse</span> <span class='ocrx_word' id='word_1_87' title='bbox 510 1622 618 1696; x_wconf 81' lang='lat' dir='ltr'>uideor,</span> <span class='ocrx_word' id='word_1_88' title='bbox 632 1623 795 1703; x_wconf 77' lang='lat' dir='ltr'>hospitesi&#39;’</span> 
     </span>
     <span class='ocr_line' id='line_1_16' title="bbox 113 1719 900 1798; baseline 0.004 -21"><span class='ocrx_word' id='word_1_89' title='bbox 113 1719 279 1798; x_wconf 80' lang='lat' dir='ltr'>Respondit</span> <span class='ocrx_word' id='word_1_90' title='bbox 294 1719 444 1780; x_wconf 83' lang='lat' dir='ltr'>Mendax:</span> <span class='ocrx_word' id='word_1_91' title='bbox 464 1727 483 1754; x_wconf 91' lang='grc'>“</span> <span class='ocrx_word' id='word_1_92' title='bbox 501 1720 683 1780; x_wconf 68' lang='lat' dir='ltr'>Reu‘videris</span> <span class='ocrx_word' id='word_1_93' title='bbox 696 1721 900 1781; x_wconf 84' lang='lat' dir='ltr'>maximus&#39;&#39;-·</span> 
     </span>
     <span class='ocr_line' id='line_1_17' title="bbox 116 1811 880 1892; baseline 0.005 -22"><span class='ocrx_word' id='word_1_94' title='bbox 116 1818 137 1846; x_wconf 85' lang='lat'>“</span> <span class='ocrx_word' id='word_1_95' title='bbox 154 1811 233 1879; x_wconf 86' lang='lat' dir='ltr'>Quid</span> <span class='ocrx_word' id='word_1_96' title='bbox 247 1811 287 1885; x_wconf 90' lang='lat' dir='ltr'>hi,</span> <span class='ocrx_word' id='word_1_97' title='bbox 302 1832 375 1892; x_wconf 79' lang='lat' dir='ltr'>quos</span> <span class='ocrx_word' id='word_1_98' title='bbox 389 1833 525 1892; x_wconf 87' lang='lat' dir='ltr'>apparere</span> <span class='ocrx_word' id='word_1_99' title='bbox 538 1833 617 1873; x_wconf 90' lang='lat' dir='ltr'>nunc</span> <span class='ocrx_word' id='word_1_100' title='bbox 631 1814 711 1874; x_wconf 89' lang='lat' dir='ltr'>vides</span> <span class='ocrx_word' id='word_1_101' title='bbox 726 1815 795 1874; x_wconf 89' lang='lat' dir='ltr'>mihi</span> <span class='ocrx_word' id='word_1_102' title='bbox 807 1815 880 1874; x_wconf 74' lang='lat'>?&#39;’-</span> 
     </span>
     <span class='ocr_line' id='line_1_18' title="bbox 117 1907 912 1988; baseline 0.005 -22"><span class='ocrx_word' id='word_1_103' title='bbox 117 1915 138 1943; x_wconf 90' lang='lat'><strong>“</strong></span> <span class='ocrx_word' id='word_1_104' title='bbox 156 1907 195 1967; x_wconf 93' lang='lat' dir='ltr'>Hi</span> <span class='ocrx_word' id='word_1_105' title='bbox 209 1909 340 1982; x_wconf 78' lang='lat' dir='ltr'>comites,</span> <span class='ocrx_word' id='word_1_106' title='bbox 352 1909 383 1968; x_wconf 92' lang='lat' dir='ltr'>hi</span> <span class='ocrx_word' id='word_1_107' title='bbox 396 1909 493 1988; x_wconf 74' lang='lat' dir='ltr'>iegati,</span> <span class='ocrx_word' id='word_1_108' title='bbox 508 1919 537 1970; x_wconf 92' lang='lat' dir='ltr'>et</span> <span class='ocrx_word' id='word_1_109' title='bbox 549 1910 671 1970; x_wconf 85' lang='lat' dir='ltr'>miiitum</span> <span class='ocrx_word' id='word_1_110' title='bbox 685 1913 804 1972; x_wconf 84' lang='lat' dir='ltr'>duces.&#39;’</span> <span class='ocrx_word' id='word_1_111' title='bbox 861 1933 912 1980; x_wconf 78' lang='lat' dir='ltr'>:ooo</span> 
     </span>
     <span class='ocr_line' id='line_1_19' title="bbox 118 2004 680 2081; baseline 0.007 -17"><span class='ocrx_word' id='word_1_112' title='bbox 118 2004 275 2066; x_wconf 76' lang='lat' dir='ltr'>Mendacio</span> <span class='ocrx_word' id='word_1_113' title='bbox 288 2006 424 2066; x_wconf 79' lang='lat' dir='ltr'>laudatus</span> <span class='ocrx_word' id='word_1_114' title='bbox 438 2007 604 2068; x_wconf 76' lang='lat' dir='ltr'>cum&#39;turba</span> <span class='ocrx_word' id='word_1_115' title='bbox 616 2027 680 2081; x_wconf 82' lang='lat' dir='ltr'>sua,</span> 
     </span>
     <span class='ocr_line' id='line_1_20' title="bbox 117 2102 610 2184; baseline 0.006 -22"><span class='ocrx_word' id='word_1_116' title='bbox 117 2102 269 2162; x_wconf 85' lang='lat' dir='ltr'>Adulatori</span> <span class='ocrx_word' id='word_1_117' title='bbox 283 2122 388 2163; x_wconf 86' lang='lat' dir='ltr'>munus</span> <span class='ocrx_word' id='word_1_118' title='bbox 402 2104 523 2184; x_wconf 86' lang='lat' dir='ltr'>imperat</span> <span class='ocrx_word' id='word_1_119' title='bbox 537 2105 610 2165; x_wconf 88' lang='lat' dir='ltr'>dari.</span> 
     </span>
     <span class='ocr_line' id='line_1_21' title="bbox 118 2199 784 2264; baseline 0.009 -6"><span class='ocrx_word' id='word_1_120' title='bbox 118 2199 177 2260; x_wconf 88' lang='lat' dir='ltr'>Hie</span> <span class='ocrx_word' id='word_1_121' title='bbox 191 2219 288 2260; x_wconf 89' lang='lat' dir='ltr'>secum</span> <span class='ocrx_word' id='word_1_122' title='bbox 302 2201 409 2261; x_wconf 87' lang='lat' dir='ltr'>Verax.</span> <span class='ocrx_word' id='word_1_123' title='bbox 451 2205 471 2236; x_wconf 88' lang='lat'><strong>“</strong></span> <span class='ocrx_word' id='word_1_124' title='bbox 484 2201 581 2261; x_wconf 72' lang='lat' dir='ltr'>Tanta</span> <span class='ocrx_word' id='word_1_125' title='bbox 594 2203 619 2262; x_wconf 89' lang='lat' dir='ltr'>si</span> <span class='ocrx_word' id='word_1_126' title='bbox 633 2203 784 2264; x_wconf 86' lang='lat' dir='ltr'>mendacio</span> 
     </span>
     <span class='ocr_line' id='line_1_22' title="bbox 118 2297 857 2377; baseline 0.005 -21"><span class='ocrx_word' id='word_1_127' title='bbox 118 2297 165 2356; x_wconf 91' lang='lat' dir='ltr'>Sit</span> <span class='ocrx_word' id='word_1_128' title='bbox 178 2316 298 2371; x_wconf 87' lang='lat' dir='ltr'>merces,</span> <span class='ocrx_word' id='word_1_129' title='bbox 313 2307 424 2376; x_wconf 81' lang='lat' dir='ltr'>quanto</span> <span class='ocrx_word' id='word_1_130' title='bbox 438 2317 497 2358; x_wconf 92' lang='lat' dir='ltr'>uon</span> <span class='ocrx_word' id='word_1_131' title='bbox 511 2300 596 2377; x_wconf 84' lang='lat' dir='ltr'>ego,&#39;&#39;</span> <span class='ocrx_word' id='word_1_132' title='bbox 609 2299 694 2373; x_wconf 86' lang='lat' dir='ltr'>dixit,</span> <span class='ocrx_word' id='word_1_133' title='bbox 705 2308 726 2336; x_wconf 79' lang='lat'>‘⁶</span> <span class='ocrx_word' id='word_1_134' title='bbox 740 2321 857 2361; x_wconf 84' lang='lat' dir='ltr'>munere</span> 
     </span>
     <span class='ocr_line' id='line_1_23' title="bbox 120 2394 911 2474; baseline 0.005 -21"><span class='ocrx_word' id='word_1_135' title='bbox 120 2394 270 2468; x_wconf 89' lang='lat' dir='ltr'>Donabor,</span> <span class='ocrx_word' id='word_1_136' title='bbox 283 2415 381 2454; x_wconf 86' lang='lat' dir='ltr'>verum</span> <span class='ocrx_word' id='word_1_137' title='bbox 396 2394 420 2454; x_wconf 89' lang='lat' dir='ltr'>si</span> <span class='ocrx_word' id='word_1_138' title='bbox 430 2414 481 2474; x_wconf 90' lang='lat' dir='ltr'>pro</span> <span class='ocrx_word' id='word_1_139' title='bbox 494 2415 571 2456; x_wconf 91' lang='lat' dir='ltr'>more</span> <span class='ocrx_word' id='word_1_140' title='bbox 585 2396 716 2456; x_wconf 86' lang='lat' dir='ltr'>dixer0.&#39;’</span> <span class='ocrx_word' id='word_1_141' title='bbox 861 2418 911 2464; x_wconf 78' lang='lat' dir='ltr'>:ms</span> 
     </span>
     <span class='ocr_line' id='line_1_24' title="bbox 119 2490 819 2572; baseline 0.006 -24"><span class='ocrx_word' id='word_1_142' title='bbox 119 2490 199 2551; x_wconf 86' lang='lat' dir='ltr'>Hinc</span> <span class='ocrx_word' id='word_1_143' title='bbox 212 2492 250 2552; x_wconf 93' lang='lat' dir='ltr'>ad</span> <span class='ocrx_word' id='word_1_144' title='bbox 264 2491 406 2552; x_wconf 87' lang='lat' dir='ltr'>Veracem</span> <span class='ocrx_word' id='word_1_145' title='bbox 420 2492 547 2552; x_wconf 81' lang='lat' dir='ltr'>Simius:</span> <span class='ocrx_word' id='word_1_146' title='bbox 570 2500 590 2527; x_wconf 90' lang='lat'><strong>“</strong></span> <span class='ocrx_word' id='word_1_147' title='bbox 607 2493 647 2552; x_wconf 91' lang='lat' dir='ltr'>Et</span> <span class='ocrx_word' id='word_1_148' title='bbox 660 2493 755 2572; x_wconf 87' lang='lat' dir='ltr'>qualis</span> <span class='ocrx_word' id='word_1_149' title='bbox 768 2493 819 2552; x_wconf 90' lang='lat' dir='ltr'>tibi</span> 
     </span>
     <span class='ocr_line' id='line_1_25' title="bbox 118 2587 796 2667; baseline 0.009 -23"><span class='ocrx_word' id='word_1_150' title='bbox 118 2587 237 2661; x_wconf 87' lang='lat' dir='ltr'>Videor,</span> <span class='ocrx_word' id='word_1_151' title='bbox 252 2588 346 2661; x_wconf 82' lang='lat' dir='ltr'>atilli,</span> <span class='ocrx_word' id='word_1_152' title='bbox 362 2603 434 2667; x_wconf 88' lang='lat' dir='ltr'>quos</span> <span class='ocrx_word' id='word_1_153' title='bbox 448 2599 523 2648; x_wconf 87' lang='lat' dir='ltr'>stare</span> <span class='ocrx_word' id='word_1_154' title='bbox 537 2598 605 2649; x_wconf 86' lang='lat' dir='ltr'>ante</span> <span class='ocrx_word' id='word_1_155' title='bbox 619 2609 664 2649; x_wconf 88' lang='lat' dir='ltr'>me</span> <span class='ocrx_word' id='word_1_156' title='bbox 678 2591 757 2650; x_wconf 86' lang='lat' dir='ltr'>vides</span> <span class='ocrx_word' id='word_1_157' title='bbox 766 2590 796 2650; x_wconf 76' lang='lat' dir='ltr'>i’&#39;</span> 
     </span>
    </p>
   </div>
   <div class='ocr_carea' id='block_1_4' title="bbox 5 2684 735 2765">
    <p class='ocr_par' dir='ltr' id='par_1_4' title="bbox 5 2684 735 2765">
     <span class='ocr_line' id='line_1_26' title="bbox 5 2684 735 2765; baseline 0.003 -21"><span class='ocrx_word' id='word_1_158' title='bbox 5 2713 11 2727; x_wconf 92' lang='lat'><strong>·</strong></span> <span class='ocrx_word' id='word_1_159' title='bbox 120 2685 284 2765; x_wconf 83' lang='lat' dir='ltr'>Respondit</span> <span class='ocrx_word' id='word_1_160' title='bbox 296 2684 362 2746; x_wconf 89' lang='lat' dir='ltr'>ille:</span> <span class='ocrx_word' id='word_1_161' title='bbox 385 2693 404 2720; x_wconf 86' lang='lat'><strong>“</strong></span> <span class='ocrx_word' id='word_1_162' title='bbox 421 2687 515 2746; x_wconf 89' lang='lat' dir='ltr'>Verus</span> <span class='ocrx_word' id='word_1_163' title='bbox 526 2706 557 2746; x_wconf 88' lang='lat' dir='ltr'>es</span> <span class='ocrx_word' id='word_1_164' title='bbox 571 2689 604 2746; x_wconf 86' lang='lat' dir='ltr'>tu</span> <span class='ocrx_word' id='word_1_165' title='bbox 618 2687 735 2762; x_wconf 80' lang='lat' dir='ltr'>Simius,</span> 
     </span>
    </p>
   </div>
   <div class='ocr_carea' id='block_1_5' title="bbox 110 2782 914 3236">
    <p class='ocr_par' dir='ltr' id='par_1_5' title="bbox 119 2782 695 2862">
     <span class='ocr_line' id='line_1_27' title="bbox 119 2782 695 2862; baseline 0.005 -22"><span class='ocrx_word' id='word_1_166' title='bbox 119 2782 161 2841; x_wconf 91' lang='lat' dir='ltr'>Et</span> <span class='ocrx_word' id='word_1_167' title='bbox 174 2782 248 2842; x_wconf 90' lang='lat' dir='ltr'>simii</span> <span class='ocrx_word' id='word_1_168' title='bbox 262 2802 360 2844; x_wconf 90' lang='lat' dir='ltr'>omues</span> <span class='ocrx_word' id='word_1_169' title='bbox 373 2784 424 2857; x_wconf 86' lang='lat' dir='ltr'>iili,</span> <span class='ocrx_word' id='word_1_170' title='bbox 439 2783 489 2862; x_wconf 91' lang='lat' dir='ltr'>qui</span> <span class='ocrx_word' id='word_1_171' title='bbox 503 2784 608 2844; x_wconf 85' lang='lat' dir='ltr'>similes</span> <span class='ocrx_word' id='word_1_172' title='bbox 622 2785 695 2844; x_wconf 88' lang='lat' dir='ltr'>tui.”</span> 
     </span>
    </p>

    <p class='ocr_par' dir='ltr' id='par_1_6' title="bbox 120 2880 914 3059">
     <span class='ocr_line' id='line_1_28' title="bbox 120 2880 914 2962; baseline 0.006 -24"><span class='ocrx_word' id='word_1_173' title='bbox 120 2880 215 2940; x_wconf 87' lang='lat' dir='ltr'>iratus</span> <span class='ocrx_word' id='word_1_174' title='bbox 229 2880 309 2940; x_wconf 87' lang='lat' dir='ltr'>ilium</span> <span class='ocrx_word' id='word_1_175' title='bbox 320 2881 455 2942; x_wconf 86' lang='lat' dir='ltr'>dentibus</span> <span class='ocrx_word' id='word_1_176' title='bbox 469 2901 519 2941; x_wconf 83' lang='lat' dir='ltr'>rex</span> <span class='ocrx_word' id='word_1_177' title='bbox 532 2881 653 2962; x_wconf 85' lang='lat' dir='ltr'>imperat</span> <span class='ocrx_word' id='word_1_178' title='bbox 669 2933 673 2940; x_wconf 90' lang='lat'><em>.</em></span> <span class='ocrx_word' id='word_1_179' title='bbox 864 2899 914 2953; x_wconf 72' lang='lat' dir='ltr'>:eoo</span> 
     </span>
     <span class='ocr_line' id='line_1_29' title="bbox 120 2976 773 3059; baseline 0.003 -23"><span class='ocrx_word' id='word_1_180' title='bbox 120 2976 250 3038; x_wconf 79' lang='lat' dir='ltr'>Lacerari</span> <span class='ocrx_word' id='word_1_181' title='bbox 265 2990 294 3038; x_wconf 91' lang='lat' dir='ltr'>et</span> <span class='ocrx_word' id='word_1_182' title='bbox 308 2979 465 3058; x_wconf 85' lang='lat' dir='ltr'>unguibus,</span> <span class='ocrx_word' id='word_1_183' title='bbox 479 2980 559 3059; x_wconf 92' lang='lat' dir='ltr'>quod</span> <span class='ocrx_word' id='word_1_184' title='bbox 573 2999 640 3040; x_wconf 85' lang='lat' dir='ltr'>vera</span> <span class='ocrx_word' id='word_1_185' title='bbox 653 2980 773 3040; x_wconf 86' lang='lat' dir='ltr'>dixerat.</span> 
     </span>
    </p>

    <p class='ocr_par' dir='ltr' id='par_1_7' title="bbox 110 3073 796 3138">
     <span class='ocr_line' id='line_1_30' title="bbox 110 3073 796 3138; baseline 0.006 -5"><span class='ocrx_word' id='word_1_186' title='bbox 110 3127 112 3134; x_wconf 91' lang='lat'>.</span> <span class='ocrx_word' id='word_1_187' title='bbox 160 3073 307 3134; x_wconf 79' lang='lat' dir='ltr'>Blandum</span> <span class='ocrx_word' id='word_1_188' title='bbox 319 3075 454 3136; x_wconf 89' lang='lat' dir='ltr'>laudatur</span> <span class='ocrx_word' id='word_1_189' title='bbox 468 3096 485 3136; x_wconf 83' lang='lat' dir='ltr'>a</span> <span class='ocrx_word' id='word_1_190' title='bbox 498 3077 580 3136; x_wconf 87' lang='lat' dir='ltr'>malis</span> <span class='ocrx_word' id='word_1_191' title='bbox 593 3077 796 3138; x_wconf 85' lang='lat' dir='ltr'>mendacium:</span> 
     </span>
    </p>

    <p class='ocr_par' dir='ltr' id='par_1_8' title="bbox 120 3171 673 3236">
     <span class='ocr_line' id='line_1_31' title="bbox 120 3171 673 3236; baseline 0.002 -1"><span class='ocrx_word' id='word_1_192' title='bbox 120 3171 211 3235; x_wconf 86' lang='lat' dir='ltr'>Bonis</span> <span class='ocrx_word' id='word_1_193' title='bbox 222 3172 344 3234; x_wconf 79' lang='lat' dir='ltr'>ironesta</span> <span class='ocrx_word' id='word_1_194' title='bbox 358 3174 413 3235; x_wconf 84' lang='lat' dir='ltr'>fert</span> <span class='ocrx_word' id='word_1_195' title='bbox 426 3174 546 3234; x_wconf 86' lang='lat' dir='ltr'>exitium</span> <span class='ocrx_word' id='word_1_196' title='bbox 559 3175 673 3236; x_wconf 84' lang='lat' dir='ltr'>veritas.</span> 
     </span>
    </p>
   </div>
   <div class='ocr_carea' id='block_1_6' title="bbox 0 0 1159 3684">
    <p class='ocr_par' dir='ltr' id='par_1_9' title="bbox 0 0 1159 3684">
     <span class='ocr_line' id='line_1_32' title="bbox 0 0 1159 3684; baseline 0 0"><span class='ocrx_word' id='word_1_197' title='bbox 0 0 1159 3684; x_wconf 95' lang='lat' dir='ltr'> </span> 
     </span>
    </p>
   </div>
  </div>
 </body>
</html>
