2286 3696
240 247 259 306 6
347 264 481 304 ennnnr
495 260 702 310 naauunnun
718 265 928 333 nsoemnunr

238 391 368 452 Tandem
382 410 520 473 persuasa
532 401 577 453 est
586 393 775 473 jurejurando
789 391 866 472 gruis
878 412 891 466 ς

241 487 386 569 Gulaeque
401 491 521 550 eredens
534 490 600 550 colli
615 489 838 570 longitudinem,
863 529 876 548 ,ψ
974 519 985 530 ’ν

240 587 435 650 Periculosam
450 587 519 646 iecit
533 587 703 650 medicinam
719 588 808 668 lupo:

241 685 297 743 Pro
312 699 448 764 quocum
462 695 581 762 pactum
595 683 740 764 flagitaret
752 684 918 764 praemium,
1000 705 1040 748 rso

241 789 260 816 “
277 784 393 860 Ingrata
406 781 467 852 es,”
481 781 586 861 inquit,
598 788 621 820 “
637 801 686 842 ore
698 801 765 859 quse
778 792 874 864 nostro
888 789 994 862 caput·
1031 804 1034 814 ¹
1115 819 1117 822 -

241 879 389 940 Incolume
401 878 561 950 abstuleris,
576 888 605 938 et
619 878 780 938 mercedem
795 877 953 958 postules.'’

448 977 708 1038 IX.-Passeret
723 978 828 1054 Lepas.
888 987 900 1036 ’ἱ
963 1000 967 1011 “
1009 979 1013 986 ’

240 1075 312 1132 Srur
328 1091 387 1131 uon
401 1093 511 1144 cavere,
523 1085 552 1131 et
565 1072 629 1132 aliis
641 1073 792 1132 consilium
806 1074 886 1146 dare,
898 1101 913 1142 μ
1024 1109 1027 1118 ·

235 1170 369 1234 Stultum
384 1190 457 1241 esse,
471 1169 571 1248 paucis
585 1168 771 1230 ostendamus
784 1170 921 1230 versibus.

280 1268 457 1346 Oppressum
469 1267 508 1324 ab
516 1265 624 1343 aquila,
632 1265 716 1325 fletus
724 1265 856 1326 edentem
867 1283 979 1345 graves,
999 1283 1040 1328 ns

241 1367 380 1444 Leporem
394 1364 565 1444 objurgabat
579 1381 698 1441 possen
719 1369 739 1399 “
755 1363 811 1422 Ubi
824 1364 984 1442 pernicitas.

240 1462 348 1532 Nota‚'’
357 1461 461 1540 inquit,
471 1469 491 1496 “
500 1461 618 1520 illaestl
629 1460 700 1538 quid
710 1457 1037 1542 itaoessairuntpedesl”

241 1560 320 1618 Dum
335 1558 471 1636 loquitur,
487 1558 580 1637 ipsum
596 1557 733 1636 accipiter
746 1558 919 1640 necopinum
931 1558 1020 1640 rapit,

237 1656 409 1733 Questuque
423 1675 498 1716 vano
512 1654 711 1715 clamitantem
725 1655 869 1715 interficit.
965 1661 968 1666 “

241 1753 335 1832 Lepus
351 1752 536 1812 semianimus
550 1753 648 1812 mortis
663 1752 690 1814 iu
706 1752 825 1823 solatio:
999 1773 1039 1814 rao

238 1857 258 1883 “
276 1849 335 1917 Qui
345 1849 436 1910 rno'do
449 1868 566 1908 securus
578 1860 676 1909 nostra
691 1849 826 1909 irridebas
840 1847 928 1922 mala,

238 1946 331 2006 Simili
345 1945 462 2024 querela
477 1946 538 2006 sata
550 1946 684 2025 deploras
698 1945 779 2006 tua.’'
884 2003 886 2006 .

342 2044 525 2120 X.—Lspas
539 2053 569 2102 et
587 2045 701 2120 Vulpes,
716 2045 823 2102 Jsds'ce
836 2043 935 2102 Simio.
1014 2051 1021 2063 '

239 2143 445 2210 Qurcuuoun
460 2140 535 2219 turpi
550 2140 652 2199 fraude
666 2140 753 2199 semel
768 2139 904 2214 innotuit,

239 2239 336 2298 Etiam
350 2237 373 2296 si
386 2258 483 2297 verum
497 2237 577 2308 dicit,
592 2236 698 2296 amittit
714 2235 810 2295 tidem.

233 2338 305 2396 'Hoc
320 2345 474 2395 attestatur
486 2333 580 2394 brevis
596 2335 696 2412 AEsopi
709 2334 817 2393 sabula.
999 2351 1039 2396 tes

280 2435 377 2512 Lupus
391 2433 531 2510 arguebat
543 2431 657 2511 vulpem
673 2431 741 2490 furti
756 2430 893 2499 crimine:
1121 2431 1125 2440 '

241 2531 375 2609 Negabat
388 2529 438 2588 illa
451 2549 481 2588 se
496 2547 557 2589 esse
572 2529 860 2608 culpaeproximamt

237 2629 320 2687 'lunc
330 2627 421 2707 judex
435 2627 509 2686 inter
519 2627 582 2686 illos
595 2627 671 2686 sedit
684 2627 793 2686 simius.

241 2727 368 2803 Uterque
380 2743 497 2784 causam
513 2744 579 2783 cum
597 2734 777 2804 perorassent
789 2743 883 2795 suam,

241 2821 355 2880 Dixisse
368 2819 457 2880 fertur
471 2821 572 2881 simius
587 2822 776 2890 sententiam:
868 2853 870 2860 ·
998 2841 1039 2882 mo

239 2926 259 2954 “
273 2919 317 2977 Tu
333 2938 391 2977 non
405 2917 509 2977 videris
523 2919 697 2998 perdidisse,
708 2919 786 2996 quod
801 2918 898 2998 petis}

237 3017 279 3076 Te
292 3017 378 3077 credo
393 3015 571 3096 surripuisse,
586 3016 665 3094 quod
680 3015 799 3096 pulchre
812 3011 936 3094 negas*

273 3147 302 3180 tot
326 3147 386 3195 colli
404 3144 499 3212 longit]
518 3147 535 3195 i.
550 3163 573 3197 e.
591 3147 679 3196 collum
695 3145 872 3216 longum-¹¹
891 3145 1032 3210 emman]

236 3224 460 3283 obnoxiamream.
847 3238 850 3244 '
