2298 3684
395 273 595 314 suuruurrn.
841 257 897 314 125

101 399 140 463 ln
155 397 239 462 malis
253 419 367 480 sperare
378 400 462 475 bene,
477 399 533 462 nisi
546 399 695 472 innocens,
708 411 794 459 nemo
809 400 891 460 solet.

100 503 181 561 Inter
195 499 302 558 amicos
311 498 469 578 judicatur,
483 517 572 576 quam
582 497 723 569 inimicos,
738 496 896 556 molestius.

100 593 177 678 lps'ae
191 596 299 656 amicos
311 615 355 656 res
368 597 474 676 opimae
487 595 610 670 faciunt,
624 595 752 656 adversae
763 595 897 674 probant.

101 691 721 772 Inacuunrsuquivincit,superathostem
727 691 896 751 maximnm.

101 787 277 862 lnnrrnan,
286 799 331 849 est
341 789 547 862 calamitatem,
559 809 626 849 cum
636 800 665 849 te
676 788 789 849 felicem
801 807 897 848 rocas.

100 889 159 950 l'na
173 885 281 948 habeas
289 886 425 960 amicum,
434 905 519 966 posse
531 896 564 946 ut
574 886 722 946 inimicum
734 885 794 945 fieri
803 895 897 964 putes.

101 987 190 1066 Mage
200 983 331 1045 cavenda
341 984 498 1045 amicorum
508 989 553 1046 es't
564 983 672 1044 invidia
686 983 897 1063 quam'insidire

222 1082 358 1142 hostiurn.
753 1133 754 1138 ,

102 1179 232 1241 Maximo
246 1179 355 1259 pericle
366 1177 528 1238 custoditur
540 1179 622 1260 quod
632 1177 731 1237 multis
745 1178 851 1257 placet.

102 1275 898 1357 Minimeamicussum,lortunaeparticepsnisisimtuee.

102 1373 184 1434 Mors
198 1374 301 1435 infanti
315 1373 396 1448 felix,
406 1373 507 1454 juveni
521 1375 636 1446 acerba,
650 1392 713 1433 sera
727 1372 812 1431 nimis
825 1372 897 1433 seni.

102 1469 243 1530 Mouruo
252 1491 358 1530 munus
367 1471 417 1548 qni
433 1469 531 1542 mittit,
546 1470 587 1530 nil
596 1470 648 1529 dat
658 1468 712 1542 illi,
723 1469 825 1528 adimit
834 1469 897 1528 sibi.

103 1566 162 1626 Nre
173 1566 325 1627 virtutibus
339 1566 439 1627 multis
452 1552 592 1641 abundat,
606 1565 657 1645 qni
672 1564 780 1625 alienas
793 1572 889 1625 amat!

102 1663 256 1724 Neminem
270 1683 325 1724 nec
337 1661 482 1724 accusdris
494 1684 548 1726 nec
562 1663 722 1725 laudaveris
735 1662 802 1722 cito.

102 1762 245 1822 ancres
255 1761 486 1842 qnidoptes,aut
495 1763 567 1843 qnid
576 1761 686 1842 fugiasr
700 1759 898 1821 italuditdies.

103 1855 205 1920 Nescit
219 1859 243 1918 is
257 1877 371 1932 nocere,
385 1859 437 1939 qui
449 1879 553 1920 nocere
565 1859 639 1919 velle
652 1857 788 1938 perdidit.
862 1879 901 1918 aro

102 1957 143 2016 Ni
155 1955 261 2035 gradis
275 1966 412 2026 servetur,
426 1956 499 2017 nulli
512 1967 592 2017 tutus
605 1966 651 2017 est
663 1975 792 2015 summus
805 1955 899 2015 locus.

102 2050 154 2114 Nil
168 2053 285 2133 prodest
296 2054 369 2112 bene
383 2051 528 2128 didicisse,
542 2054 637 2115 lacere
650 2051 674 2114 si
688 2071 782 2112 cesses
795 2052 880 2112 bene.

105 2147 155 2210 Nil
168 2149 286 2210 rationis
300 2159 355 2222 est,
369 2150 420 2210 ubi
432 2170 477 2210 res
488 2151 576 2211 semel
590 2151 619 2210 iu
634 2148 771 2210 affectum
784 2149 873 2209 venit.

105 2245 246 2306 Nondum
259 2247 328 2306 lelix
342 2266 384 2320 es,
398 2246 566 2308 sinendum
580 2247 707 2307 turbate
721 2245 859 2306 deriserit.

102 2342 172 2402 Non
185 2342 267 2403 aliter
280 2343 356 2403 vires
370 2343 400 2404 iu
414 2344 579 2418 solitudine,
593 2344 675 2403 aliter
688 2344 718 2402 in
733 2343 807 2403 loro.
861 2361 901 2402 ars

105 2439 205 2514 Nulla,
219 2461 286 2520 quae
301 2441 408 2501 multos
422 2441 530 2503 amicos
544 2441 655 2522 recipit,
669 2450 794 2519 angusta
806 2449 851 2499 est

223 2537 337 2598 domus.
793 2536 899 2617 [queri.

105 2633 224 2694 Nunne
237 2645 298 2694 tam
311 2634 389 2696 bona
402 2645 446 2696 est
458 2635 585 2709 senuna,
599 2635 637 2695 de
648 2654 707 2713 qua
717 2633 758 2693 nil
772 2634 865 2714 possis

104 2731 272 2798 Nuscunu
287 2731 390 2792 melius
404 2731 541 2793 morimur
553 2731 694 2804 homines,
704 2745 796 2811 ¹qnam
811 2731 861 2791 ubi

225 2828 348 2890 libenter
361 2829 494 2890 viximus.

105 2923 308 2989 Ourunaaar
323 2927 352 2987 in
366 2925 542 2999 calamitate,
557 2924 671 3006 gravius
685 2936 730 2986 est
742 2944 830 3007 quam
844 2944 893 2984 ca-

226 3024 350 3098 laminas.

105 3120 183 3181 Odio
195 3129 307 3202 oportet
314 3131 348 3181 ut
355 3120 496 3200 peccandi
504 3119 605 3196 iacias,
617 3140 675 3181 non
686 3121 901 3193 metu,bonum.

104 3218 215 3280 Omnes
228 3219 317 3281 ritem
330 3217 507 3294 differentes,
521 3239 598 3280 mors
611 3220 720 3280 incerta
733 3216 881 3298 prevenit.
