2286 3696
263 216 300 273 32
375 231 513 272 annana
528 231 735 272 rsaunnnou
752 229 947 272 asoarnmrn

261 359 442 437 Romamque
455 367 654 438 pertraxerunt
668 357 704 418 ad
719 358 931 430 Centumviros,

261 455 392 534 Maligna
405 456 546 514 insontem
560 454 693 534 deprimit
708 455 843 533 suspicio,

260 553 346 621 Quod
361 555 438 612 bona
450 550 605 631 possideat.
647 551 734 612 Stant
748 551 862 631 patroni
876 549 984 614 fortiter

260 649 386 710 Causam
399 658 512 709 tuentes
525 649 684 709 innocentis
699 649 833 708 foeminae.
1038 657 1041 667 '

260 747 286 805 A
300 746 376 805 Divo
389 746 522 824 Augusto
536 755 605 804 tuno
618 745 724 825 petiere
733 745 859 825 judices,
1011 761 1054 808 roo

260 845 300 902 Ut
313 843 460 923 adjuvaret
467 841 654 922 jurisjurandi
668 842 766 915 fidem,

260 939 347 1007 Quod
362 940 438 1018 ipsos
451 939 716 1018 errorinplicuisset
729 939 864 1000 criminis.

259 1037 318 1104 Qui
331 1046 484 1116 postquam
497 1036 630 1096 tenebras
643 1035 763 1114 dispulit
774 1036 938 1108 calumnia,

259 1135 435 1213 Certumque
449 1134 559 1198 iontem‘
570 1133 695 1192 veritatis
709 1134 841 1213 repperit,
879 1189 881 1192 .

260 1231 343 1302 Luat,
358 1231 461 1310 inquit,
474 1221 574 1309 poenas
586 1237 675 1289 causa
687 1230 805 1290 libertus
818 1229 905 1290 mali:
1012 1245 1054 1293 ms

259 1328 394 1406 Namque
406 1328 504 1388 orbam
519 1325 686 1386 natosimul
699 1335 729 1386 et
740 1327 879 1406 privatam
892 1326 960 1398 viro,

258 1423 453 1484 Miserandam
467 1424 572 1503 potius,
586 1415 883 1503 quam'damnandam
896 1423 1039 1484 existimo.

257 1521 344 1588 Quod
359 1523 382 1580 si
395 1521 561 1580 damnanda
575 1529 766 1599 perscmtatus
780 1521 898 1580 crimina

258 1617 464 1678 Paterfamilias
478 1627 563 1689 esset,
578 1617 602 1680 si
616 1617 798 1677 mendacium

255 1714 403 1774 Subtiliter
417 1714 590 1788 limasset‚'a
603 1714 747 1774 radicibus
997 1721 1052 1778 ’πο

256 1811 322 1870 Non
338 1811 483 1872 avertisset
494 1810 600 1873 scelere
614 1812 728 1870 lunesto
742 1811 870 1871 domum.

296 1909 345 1968 Nil
360 1919 478 1988 spernat
491 1908 578 1982 auris,
592 1928 646 1969 nec
660 1918 759 1967 tamen
773 1908 873 1968 credat
884 1909 981 1968 statim
993 1930 1000 1976 ;

254 2005 498 2086 Quandoquidem
508 2015 538 2066 et
550 2005 593 2064 illi
603 2015 734 2086 peccant,
745 2025 819 2085 quos
829 2005 947 2065 minime
956 2017 1051 2085 putas,

255 2103 294 2162 Et
306 2103 356 2181 qui
368 2123 426 2163 non
440 2110 573 2184 peccant,
589 2102 795 2182 impugnantur
808 2102 965 2163 fraudibus.

295 2201 360 2260 Hoc
374 2201 527 2261 admonere
540 2200 686 2280 simplices
699 2200 785 2260 etiam
800 2209 904 2279 potest,
993 2213 1046 2263 '‘rrs

254 2297 398 2377 Opinione
412 2297 528 2358 alterius
542 2318 578 2358 ne
593 2297 847 2378 quidpondarent.

256 2395 382 2454 Ambitio
396 2415 521 2474 namque
534 2395 675 2456 dissidens
689 2394 863 2466 mortalium,

256 2496 316 2554 Aut
330 2494 429 2572 gratiae
443 2493 606 2565 subscribit,
621 2502 672 2552 ant
683 2491 750 2552 odio
765 2497 836 2559 'suo;

255 2591 317 2651 Erit
330 2590 377 2652 ille
391 2602 486 2664 notus,
500 2585 587 2669 quem
601 2611 651 2671 per
663 2599 694 2650 te
707 2588 884 2668 cognoveris.

294 2689 369 2748 Haee
383 2698 639 2767 exsequutus'sum'
648 2693 797 2766 propterea
811 2685 952 2765 pluribus,
991 2693 995 2701 '
1009 2699 1051 2748 rao

254 2785 396 2845 brevitate
410 2785 499 2845 nimia
510 2785 647 2865 quoniam
662 2783 802 2862 quosdam
815 2781 996 2842 offendimus.

383 2903 385 2910 ’
398 2883 664 2943 'XL-Eunuchus
677 2882 718 2940 ud
728 2880 897 2958 improbum.

254 2978 439 3039 Eunucrrus
454 2980 586 3058 litigabat
599 2998 665 3038 cum
679 2978 806 3057 quodam
823 2977 966 3056 Improba,

254 3076 312 3144 Qui
327 3095 412 3156 snper
424 3078 559 3137 obscoena
571 3075 649 3135 diota
663 3084 693 3134 et
704 3073 838 3154 petulans
848 3074 986 3155 jurgium,

257 3173 404 3232 Damnum
420 3173 577 3234 insectatus
591 3182 635 3232 est
648 3173 742 3234 amissi
757 3171 890 3252 corporis.
