2286 3696
341 234 618 328 mnnnou'nnnus.

87 392 280 452 Obsoniorum
296 394 386 473 pretia
399 395 445 454 oui
460 394 595 472 gemitum
612 395 793 474 exprimunt;

87 491 147 559 Qui
161 491 230 549 dum
246 491 421 570 quadrantes
434 511 555 570 aggeras
568 493 749 571 patrimonio,

88 587 203 646 Coelum
219 589 322 666 fatigas
337 589 452 654 sordido
466 589 599 668 perjurio,

88 685 148 753 Qui
164 685 344 744 circumcidis
358 705 471 744 omnem
487 686 644 764 impensam
660 687 776 758 funeris

89 781 214 842 Libitina
228 803 263 841 ne
277 782 348 862 quid
362 782 399 841 de
413 793 464 842 tuo
479 783 567 842 faciat
581 783 661 842 lucri.
833 800 882 842 icoo

341 881 390 938 XI
392 879 629 939 X.—-Pboedrus.

88 977 180 1045 Qum
190 975 324 1056 judicare
336 977 444 1055 cogitet
457 977 538 1048 livor,
556 977 643 1036 modo

88 1074 170 1133 Licet
183 1073 352 1145 dissimulet,
366 1075 464 1152 pulcre
479 1085 576 1133 tamen
592 1074 730 1153 intelligo.

87 1169 240 1250 Quidquid
256 1171 368 1250 putabit
381 1173 443 1230 esse
457 1172 577 1250 dignum
592 1171 747 1245 memoriae,

89 1267 190 1347 AEsopi
205 1267 299 1330 dicet:
321 1268 429 1346 siquid
444 1269 538 1327 minus
552 1269 691 1340 amiserit,

88 1366 116 1424 A
131 1385 178 1424 me
191 1365 348 1424 contendet
362 1366 461 1425 fictum
475 1367 576 1444 quovis
591 1366 719 1445 pignore.
832 1385 881 1427 nos

89 1463 186 1539 Quem
199 1463 264 1521 volo
278 1462 368 1521 reselii
379 1463 440 1542 jam
455 1483 531 1522 nunc
547 1481 682 1542 responso
697 1483 779 1525 meo:

86 1546 154 1636 Sive
171 1560 226 1618 hoc
241 1559 382 1639 ineptum,
398 1560 455 1619 sive
471 1560 648 1619 laudandum
663 1571 707 1620 est
720 1580 811 1640 opus;

88 1656 203 1716 Invenit
216 1657 274 1729 ille,
290 1667 387 1716 nostra
401 1657 521 1736 perfecit
535 1675 648 1717 manns.
668 1701 670 1705 -

87 1754 147 1813 Sed
164 1773 356 1832 exsequamur
369 1764 495 1832 coeptum
510 1753 648 1832 propositi
661 1755 789 1814 ordinem

236 1851 553 1929 XX.-·¹Naufrupium
568 1852 735 1911 Simonidis.

85 1949 181 2008 Hono
194 1948 297 2008 doctus
312 1949 340 2006 in
355 1969 385 2008 se
400 1967 512 2026 semper
526 1948 639 2008 divitias
653 1950 750 2008 habet.
828 1971 879 2012 raro

128 2045 301 2114 Simonides,
314 2046 365 2125 qui
379 2045 491 2124 scripsit
503 2046 649 2124 egregium
665 2047 763 2120 melos,

89 2143 156 2211 Quo
171 2152 366 2222 paupertatem
382 2142 533 2202 sustineret
548 2143 672 2214 facilius,
692 2141 695 2144 ’

89 2240 247 2300 Circumire
261 2240 346 2318 coepit
360 2239 445 2299 nrbes
461 2240 536 2299 Asine
552 2241 673 2312 nobiles,

89 2337 226 2398 Mercede
239 2348 358 2415 accepta
372 2337 487 2396 laudem
502 2338 641 2397 victorum
655 2359 772 2398 canens.

89 2435 156 2494 Hoc
170 2453 273 2512 genere
283 2443 413 2512 quaestus
424 2444 577 2513 postquam
589 2435 717 2514 locuples
726 2437 820 2495 factus
829 2445 882 2503 est,

87 2531 195 2591 Venire
210 2531 238 2589 in
254 2532 373 2609 patriam
389 2531 479 2592 voluit
492 2551 576 2590 cursu
591 2533 721 2610 pelagio:

85 2631 173 2709 (Erat
188 2639 283 2689 autem
298 2640 395 2702 natus,
411 2640 443 2688 ut
458 2629 549 2701 aiunt,
564 2630 593 2688 in
607 2630 667 2706 Ceo
681 2630 789 2705 insula)

87 2727 227 2787 Ascendit
241 2747 352 2797 navem,
367 2746 455 2806 quam
470 2738 624 2804 tempestas
639 2727 763 2800 horrida,

86 2823 180 2884 Simul
194 2835 223 2886 et
237 2836 363 2884 vetustas
376 2825 469 2883 medio
484 2825 612 2884 dissolvit
628 2825 708 2883 mari.

118 2993 170 3059 ¹¹⁸⁰]
189 2996 227 3044 Ne
245 2995 317 3044 funus
331 2995 420 3060 aliquid
438 2995 468 3046 de
484 3002 525 3044 tuo
540 2994 680 3059 patrimonio
695 2994 884 3062 diripiat-¹¹⁶³]

83 3079 142 3126 Mea
168 3092 218 3124 esse
240 3075 322 3124 harum
346 3074 483 3124 fabellarum
507 3074 572 3134 vitia,
596 3075 681 3140 AEsopi
705 3091 757 3124 vero
779 3074 883 3131 virtutes,

83 3153 172 3203 lividus
184 3153 276 3208 Lector,
289 3166 431 3216 quocunque
443 3151 548 3217 pignore,
560 3151 624 3199 haud
635 3151 751 3200 dubitabit
761 3151 882 3200 affirmare.

83 3228 156 3270 -Μ
175 3229 232 3293 ltu]
251 3231 367 3296 AEsopus.
536 3225 539 3231 ¹
