2298 3684
284 241 455 284 urrernrx
472 242 692 284 rneuenanu.
845 227 895 284 79·

133 369 192 438 Qui
205 389 236 428 se
249 369 377 442 sublimi„
390 369 470 428 nullo
482 389 571 448 quum
584 369 631 444 sit,
646 370 746 429 ordine
826 397 827 406 ¹

94 467 201 539 Jecur,
217 477 333 528 notatus
347 467 377 526 in
392 466 560 545 despectum
574 468 697 527 devenit.

240 560 551 624 'XXXIL—-Haedue
565 575 595 624 et
609 566 720 642 Lupus.

97 660 262 734 Canacen,
276 661 378 720 suetum
392 670 426 719 ut
439 659 606 732 custodiret,
622 662 721 722 exiens
769 699 771 706 ι
837 682 888 728 roae

97 757 227 830 Pastum,
242 757 451 837 imprudentem
465 759 577 818 monuit
588 759 727 833 Haedum,
738 779 775 818 ne
782 759 887 826 ostium

97 853 237 933 Aperiret,
253 855 359 922 multas
372 855 451 933 quod
463 855 548 915 sciret
561 856 675 915 stabula
685 857 762 916 ieras

99 951 228 1012 Circuire
242 972 387 1032 pecorum.
429 953 470 1011 Ut
483 951 563 1026 abiit,
578 952 693 1012 advenit
709 955 816 1032 Lupus,

99 1048 273 1112 Adsimilans
288 1068 387 1108 vocem
402 1049 511 1120 matris,
527 1060 557 1108 et
567 1049 652 1128 jubet
665 1050 740 1110 sores

99 1145 161 1204 Sibi
175 1146 309 1206 reserari:
333 1155 366 1205 ut
379 1145 492 1206 Haedus
506 1145 625 1219 audivit,
641 1147 723 1226 Lupo
840 1170 890 1214 1990

101 1243 156 1302 Per
169 1243 269 1303 rimam
283 1253 419 1322 spectans
433 1243 547 1322 inquit:
570 1250 591 1278 “
607 1244 703 1303 Audio
717 1263 821 1304 sonum

102 1338 204 1400 Matris
218 1339 267 1398 sed
278 1339 371 1400 fallax
385 1350 473 1419 atque
486 1339 618 1400 inimicus
633 1359 663 1400 es
676 1341 756 1412 mihi,

101 1435 164 1500 Sub
177 1446 248 1497 voce
261 1437 359 1496 matris
368 1446 501 1496 nostrum
514 1437 619 1514 quaeris
633 1438 803 1515 sanguinem

102 1533 206 1592 Potare
221 1543 249 1592 et
261 1543 358 1594 nostra
370 1553 455 1594 carne
469 1534 585 1594 satiari:
608 1533 711 1594 Vale.”

142 1629 218 1688 Laus
232 1649 338 1708 magna
350 1630 435 1703 natis,
449 1630 571 1710 obsequi
584 1631 760 1708 parentibus.
842 1653 893 1698 199⁵

243 1727 356 1787 XXXI
356 1728 394 1786 II
395 1729 567 1803 .-Pouper
580 1735 610 1786 et
624 1727 757 1804 Serpens.
884 1736 886 1741 ’

101 1823 250 1882 Seuerus
264 1823 293 1885 in
307 1823 418 1884 aedibus
430 1823 581 1903 cujusdam
595 1823 733 1902 Pauperis

103 1919 210 1979 Venire
221 1939 333 2000 semper
345 1920 382 1980 ad
397 1940 525 1980 mensam
539 1932 725 1981 consueverat

103 2017 143 2076 Et
154 2017 221 2077 inde
234 2017 314 2077 micis
328 2019 500 2096 pascebatur
513 2017 637 2096 largiter,

105 2112 194 2173 Dives
211 2123 274 2193 post
287 2115 386 2194 paullo
398 2116 504 2187 factus,
519 2113 601 2174 irasci
615 2113 716 2193 incipit
821 2185 824 2191 Ι

103 2210 247 2289 serpenti,
262 2220 292 2270 et
304 2211 436 2271 vulnerat
447 2231 555 2271 secure.
597 2211 735 2291 Tempore
844 2237 896 2298 emo

103 2307 153 2366 Ad
166 2307 313 2387 pristinam
326 2308 491 2388 interposito
506 2317 664 2387 egestatem
678 2309 761 2369 redit.

105 2406 164 2465 Pro
178 2416 253 2466 sorte
266 2407 344 2467 varia
357 2407 495 2487 serpentis
510 2418 661 2488 postquam
677 2409 754 2469 videt

105 2503 265 2564 Fortunam
278 2505 383 2563 mutari
397 2525 488 2577 suam,
506 2504 611 2564 blande
624 2503 697 2583 petit

106 2601 244 2678 Ignoscat
257 2609 289 2659 ut
301 2601 452 2680 peccanti;
475 2602 522 2661 cui
537 2619 651 2680 serpens
666 2601 723 2668 ait:

106 2703 128 2730 ‘⁴
144 2697 186 2756 Te
197 2697 347 2778 poenitebit
360 2696 482 2770 sceleris,
497 2716 588 2776 usque
602 2697 673 2755 dum
686 2716 751 2756 mea
849 2719 901 2757 eoos
935 2709 937 2716 ’

108 2793 237 2854 Cicatrix
251 2794 351 2854 clausa
363 2793 465 2865 fuerit3
488 2804 518 2854 at
529 2805 626 2854 tamen
639 2793 748 2872 optima

106 2891 182 2951 Fide
196 2910 242 2950 me
255 2890 450 2971 posthac-noli
463 2891 587 2950 amicum
600 2890 725 2951 credere.

109 2987 218 3048 Redire
231 2997 329 3046 tamen
341 2987 397 3048 hac
410 2987 474 3065 lege
487 2987 647 3068 ingratiam
660 2987 735 3060 volo,

107 3085 227 3146 Securis
236 3104 385 3166 nunquam
400 3083 516 3165 perfidae
531 3085 555 3144 si
568 3083 773 3145 meminerim.”

150 3179 311 3258 Suspectus
322 3197 385 3242 esse
398 3178 495 3253 debet,
508 3177 559 3255 qui
572 3176 649 3238 laesit
661 3176 760 3251 semel,
854 3198 904 3238 eoro
