2298 3684
361 303 363 308 -
378 277 580 326 saurauer-ra,
824 267 879 325 113

86 405 183 466 Nemo
197 406 324 467 timendo
338 407 376 468 ad
384 396 534 469 'summum
548 409 677 490 pervenit
689 410 796 471 locum.

19 511 33 553 n
85 503 226 584 Nequitia
239 523 327 584 poena
340 505 466 568 maxima
478 509 601 585 ipsamet
614 505 659 566 sui
672 518 724 567 est.

85 601 194 662 Nescio
208 601 278 680 quid
292 603 411 681 cogitat,
425 623 492 662 cum
505 605 614 664 bonum
631 604 758 666 imitatur
774 605 878 666 malus.

34 724 37 736 ·
85 697 138 758 Nil
149 719 233 778 agere
245 699 481 781 semper-infelici
493 710 537 760 et
551 701 701 781 optimum.
841 725 881 764 455

85 795 139 856 Nil
153 796 232 858 aliud
246 797 300 856 scit
313 795 467 857 necessitas
480 817 568 877 quam
582 798 684 858 vivere.

84 893 116 954 N
119 913 153 954 11.
167 894 251 973 eripit
265 895 393 955 Fortuna
407 893 462 954 nisi
477 893 555 973 quod
570 904 600 954 et
613 895 703 956 dedit.
730 941 732 947 .

19 1005 23 1039 2
85 990 138 1049 Nil
152 1000 196 1050 est
209 991 348 1064 miserius,
361 1011 449 1070 quam
463 991 512 1051 ubi
527 990 627 1072 pudet,
642 993 722 1072 quod
736 994 845 1056 feceris.

85 1087 138 1146 Nil
152 1088 244 1167 magis
258 1098 337 1148 amat
349 1087 503 1168 cupiditas,
518 1109 607 1168 quam
621 1091 700 1170 quod
715 1093 864 1153 nonlicet.

19 1196 31 1233 n
86 1185 138 1245 Nil
152 1205 210 1246 non
225 1186 359 1246 acerbum
373 1187 451 1266 prius
466 1207 553 1266 quam
564 1193 713 1248 'maturum
728 1190 791 1250 luit.
840 1208 880 1251 aso

84 1281 138 1342 Nil
150 1302 208 1343 non
222 1293 273 1343 aut
286 1283 356 1343 lenit
370 1294 422 1344 aut
432 1283 533 1346 domat
546 1285 729 1346 diuturnitas.

20 1421 21 1426 η
85 1379 153 1440 Νη
167 1391 288 1460 peccent
301 1380 388 1454 oculi,
401 1382 425 1441 si
438 1381 528 1441 oculis
543 1381 655 1442 animus
670 1383 798 1461 imperet.

19 1487 31 1528 t
84 1476 137 1536 Nil
149 1497 232 1557 posse
247 1498 424 1558 quenquam,
439 1488 584 1540 mortuum
598 1477 654 1538 hoc
666 1488 709 1538 est
723 1480 826 1541 vivere.

88 1573 139 1633 Nil
151 1575 296 1655 proprium
310 1575 412 1647 ducas,
426 1575 505 1653 quod
519 1574 624 1634 mutari
637 1593 694 1633 non
710 1587 812 1655 potest.

24 1683 31 1715 ὲ
88 1671 140 1730 Nil
153 1681 237 1752 turpe
251 1671 341 1732 ducas
354 1691 406 1751 pro
420 1671 521 1731 salutis
536 1670 670 1732 remedio.
841 1689 880 1732 455

87 1769 154 1830 Nm
168 1769 280 1849 turpius
293 1789 381 1848 quam
394 1769 487 1828 vivere
502 1767 641 1848 incipiens
656 1788 753 1830 senex.

88 1866 227 1927 Nruruu
243 1866 409 1928 altercando
422 1865 525 1926 veritas
539 1865 689 1926 amittitur.

89 1962 217 2024 Nimium
232 1964 300 2024 boni
314 1963 401 2024 estin
416 1972 516 2036 morte,
529 1962 553 2023 si
566 1962 608 2021 nil
621 1972 665 2024 est
678 1963 757 2023 mali.

88 2060 164 2120 Nrsr
178 2071 271 2142 perte
284 2060 390 2140 sapias,
405 2059 510 2120 frustra
525 2059 682 2139 sapientem
697 2060 807 2121 audias.

21 2179 24 2206 ι
88 2157 165 2218 Nrsr
179 2159 229 2237 qui
242 2157 414 2228 subiacere,
428 2156 547 2217 insidias
561 2157 652 2216 nescit
667 2166 803 2218 metuere.
841 2181 881 2224 454

88 2255 162 2315 Nrsr
175 2256 303 2316 vindicas
313 2254 430 2326 delicta,
444 2254 655 2334 improbitatem
669 2255 797 2335 adjuves.

89 2352 222 2414 Nocens
236 2361 378 2433 precatur,
393 2352 532 2411 innocens
545 2351 685 2412 irascitur.

88 2449 250 2512 Nocentem
264 2451 314 2529 qui
325 2449 466 2520 defendit,
481 2447 534 2508 sibi
548 2448 655 2508 crimen
670 2449 753 2528 parit.

86 2548 199 2609 Nocere
212 2567 296 2608 casus
308 2566 367 2606 non
382 2547 456 2606 solet
469 2545 652 2610 constantia.

87 2644 199 2708 Nocere
212 2664 297 2724 posse
312 2653 342 2705 et
355 2643 443 2716 nolle,
456 2643 521 2704 laus
537 2641 713 2720 amplissima
726 2651 779 2702 est.
841 2663 879 2706 ns

87 2743 158 2802 Noli
170 2752 353 2803 contemnere
365 2761 410 2813 ea,
425 2761 493 2820 quae
507 2757 633 2799 summos
647 2737 809 2798 sublevant.
916 2809 919 2818 Ι

88 2839 157 2900 Non
172 2840 229 2900 cito
242 2840 324 2900 ruina
338 2839 410 2919 perit
425 2839 448 2898 is
462 2837 512 2916 qui
526 2836 638 2896 ruinam
652 2835 744 2900 tinet.

87 2938 156 2998 Non
172 2937 296 3016 corrigit,
312 2937 362 2998 sed
377 2935 467 3009 loedit,
482 2933 532 3014 qui
545 2933 666 2998 inritum
680 2933 762 3012 regit.

87 3034 156 3094 Non
169 3044 213 3095 est
226 3034 350 3107 bonitas,
364 3053 426 3094 esse
440 3031 584 3095 meliorem
598 3031 732 3110 pessimo.

88 3131 157 3195 Non
170 3142 214 3192 est
227 3131 374 3212 pusillum,
389 3130 498 3209 siquid
512 3127 639 3189 maximo
652 3137 696 3188 est
710 3126 813 3186 minus.
843 3147 883 3185 sao

89 3229 159 3290 Non
173 3239 217 3290 est
230 3228 349 3292 cicatrix
363 3227 464 3310 turpis,
476 3245 564 3304 quam
577 3224 665 3286 virtus
678 3224 762 3304 parit.

479 3343 491 3384 1
