2298 3684
267 243 324 304 lte
484 289 487 296 .
565 261 765 304 surrentum

264 391 381 471 Optime
394 389 517 471 positum
533 401 577 451 est
588 389 760 452 beneficium
775 390 825 452 ubi
839 390 902 472 ejus
915 389 1060 453 meminit·

383 489 434 568 qui
447 489 562 568 accipit.

263 583 414 664 Optimum
426 596 472 645 est
485 585 567 664 sequi
579 583 713 666 majores,
725 595 802 646 recte
812 585 835 644 si
849 584 1060 665 precesserint

262 680 393 741 Pecunia
405 692 450 741 est
462 681 578 753 ancille,
592 681 616 740 si
630 681 687 742 scis
700 680 754 754 uti,
766 681 791 742 si
805 682 910 754 nescis,
924 680 1045 746 ἀοωὶηῆ

383 788 437 838 est.
885 831 888 844 ,
976 777 1067 858 [sibi]

261 875 406 954 Plerique,
420 875 470 934 ubi
482 875 546 936 eliis
556 875 744 948 maledicunt,
759 873 872 935 iaciunt
883 874 1070 938 convicium*

261 971 437 1053 Principium
448 982 492 1034 est
501 972 664 1045 discordie,
675 993 712 1033 ex
723 972 869 1034 communi
880 972 975 1034 fecere
987 985 1057 1054 pro-

380 1089 483 1150 prtum.

260 1165 428 1226 meimum
442 1176 521 1227 tenet
533 1166 787 1228 locum‘cont’essio
801 1167 985 1227 innocentioe'.

259 1264 396 1332 Qonuro
410 1265 500 1325 serius
514 1274 660 1344 peccatur,
674 1276 757 1326 tanto
770 1264 907 1345 incipitur
919 1264 1043 1344 turpius.

259 1361 355 1431 Quem
363 1357 440 1423 bono
448 1371 545 1424 tenere
556 1382 614 1423 non
625 1363 848 1444 potueris,hnnc
860 1371 959 1422 teneus
968 1363 1056 1424 malo.

258 1458 407 1539 Quicquid
419 1471 464 1520 est
477 1457 643 1540 plusquam
654 1479 783 1534 necesse,
798 1459 1044 1540 possidentesde-

362 1558 469 1636 primit.
713 1562 771 1640 [est
785 1557 865 1637 quod
879 1576 939 1616 non
952 1557 1053 1617 hebes.

258 1652 337 1722 Quid
353 1647 439 1715 refert
451 1654 595 1735 quantum
609 1656 740 1716 habeas?
762 1655 891 1714 Multum
904 1653 979 1714 illud
990 1653 1055 1733 plus

258 1750 388 1831 Regibus
401 1753 484 1834 pejus
498 1764 542 1813 est
554 1753 647 1813 multo
660 1771 749 1831 quem
761 1752 832 1832 ipsis
845 1750 1047 1812 servientibus.

258 1847 317 1908 Res
330 1851 408 1910 bone
421 1859 465 1910 est
478 1869 537 1909 non
551 1850 692 1930 extirpare
703 1850 857 1926 sceleratos
867 1849 919 1909 sed
932 1849 1051 1910 scelere.

257 1943 425 2005 Ridiculum
438 1957 483 2006 est
496 1947 562 2006 odio
576 1947 707 2007 nocentis
720 1946 837 2027 perdere
847 1945 1052 2008 innocentiam}

255 2043 353 2102 Snrn
361 2041 551 2116 dissimulare,
566 2065 655 2124 quam
668 2044 714 2104 rel
727 2043 839 2117 ulcisci,
854 2043 945 2104 satius
958 2043 1024 2103 fuit.

255 2140 371 2220 Soepius
383 2140 524 2214 locutum,
539 2137 689 2221 nunquam
701 2141 748 2200 me
761 2141 888 2200 tacuisse
900 2141 1031 2222 ptenitet.

255 2236 376 2316 Semper
389 2238 467 2298 vocis
480 2248 510 2297 et
523 2238 618 2299 silenti
632 2247 892 2319 temperamentum
904 2247 981 2297 tene.

253 2335 355 2394 Sermo
368 2334 456 2394 enimi
469 2343 513 2394 est
526 2333 621 2414 imago
634 2357 641 2397 :
663 2335 758 2414 qualis
772 2344 816 2394 est
828 2333 881 2408 vir,
893 2334 959 2395 tulis
973 2343 1004 2395 et

373 2433 464 2494 oratio
477 2443 531 2492 est.

253 2529 285 2590 Si
294 2529 392 2590 multis
402 2539 453 2591 tua
463 2530 522 2590 vita
530 2529 680 2610 placuerit,
689 2528 741 2590 tibi
751 2529 865 2609 placere
874 2548 933 2588 uon
943 2536 1047 2607 potest.

253 2626 914 2706 Sinedoloreestrulnus‚quodferendumoum
920 2624 1047 2685 victoria.

252 2723 285 2784 Si
298 2743 380 2804 pares
394 2725 511 2799 invitus,
525 2744 622 2786 servus
635 2744 685 2784 es:
707 2724 847 2797 minister,
860 2723 885 2783 si
897 2722 1008 2784 volens.

251 2820 443 2882 Solitudinem
458 2833 570 2901 qureret
583 2821 710 2902 quivult
724 2841 791 2881 curn
806 2819 1008 2882 innocentibus

372 2918 475 2980 vivere.

249 3014 322 3075 Tam
335 3013 490 3075 crudelitas
500 3024 554 3090 est,
562 3016 696 3077 omnibus
708 3025 795 3094 atque
805 3015 879 3076 nulli
888 3014 1045 3096 ignoscere.

247 3111 321 3172 Tem
331 3111 423 3186 deest,
434 3112 727 3191 quodhebet,evero;
742 3133 831 3193 quam
842 3113 955 3187 misem,
965 3114 1044 3194 quod

370 3227 429 3272 non
444 3209 541 3270 habet.
