2298 3684
229 184 269 242 84
494 197 648 244 sanusne:
665 203 771 244 reove.

232 333 271 392 At
286 343 388 391 trunca
401 332 513 411 species
526 332 613 390 haesit
626 332 655 390 iu
671 332 802 409 vestigio.
1019 351 1050 389 ss

231 430 314 488 Tunc
327 429 401 489 falsa
414 430 511 507 imago
522 437 612 508 atque
625 429 719 507 operis
734 429 832 487 furtivi
845 428 928 487 labor

234 525 421 586 Mendacium
434 526 613 604 appellatum
626 537 680 597 est,
695 526 775 604 quod
791 519 959 604 nequiverit

235 624 328 684 Pedes
342 625 448 684 habere
461 623 547 683 facile
561 623 669 702 quibos
683 623 840 682 incederet.

363 721 682 782 V.-Auctor-*Nilril
696 723 749 779 diu
763 723 922 781 oecultum.

237 821 415 879 Srrrosnrn
433 818 577 882 interdurn
593 818 662 879 vitia
675 830 797 897 prosunt
811 819 990 887 hominibus,

238 917 296 976 Sed
311 927 439 995 ternpore
451 915 513 995 ipso
528 927 625 977 tamen
641 925 762 992 apparet
777 916 890 976 veritas.
1018 929 1049 974 σο

294 1012 338 1072 VI
340 1015 439 1073 .-De
449 1028 605 1090 panarum
624 1005 747 1072 Tartari
761 1014 987 1092 sipnifiuatione.

240 1111 353 1182 Istrou,
368 1110 418 1188 qui
433 1119 562 1168 versatus
572 1110 796 1189 jactaturum,

239 1199 401 1268 Volubilem
417 1207 535 1276 fortuna
545 1206 650 1287 jactari
663 1206 760 1266 docet.

240 1305 386 1366 Adversus
400 1304 473 1364 altos
488 1302 632 1383 Sisyphus
645 1313 758 1362 montes
773 1317 861 1382 ageas

241 1405 352 1463 Saxum
367 1403 464 1473 labore
477 1420 602 1472 summo,
617 1400 697 1477 quod
710 1401 748 1459 de
761 1403 878 1468 vertice,

242 1502 355 1561 Sudore
370 1497 582 1582 semperirrito,
596 1497 760 1570 revolvitur,
1019 1516 1047 1559 65

244 1598 381 1659 Ostendit
394 1597 521 1656 ambitus
536 1595 597 1655 sine
612 1596 669 1653 fine
681 1595 819 1655 miserias.

245 1697 331 1766 Quod
345 1705 423 1756 stans
438 1694 467 1762 in
481 1712 567 1752 urnae
578 1692 719 1752 Tantalus
731 1693 827 1752 medio
843 1693 916 1766 sitit,

246 1793 331 1854 Avari
346 1791 558 1862 describuntur,
573 1810 647 1869 quos
661 1790 835 1849 circumfluit

248 1893 325 1950 Usus
339 1892 491 1958 bonorum,
506 1889 557 1946 sed
572 1888 612 1946 nil
627 1898 748 1965 possunt
762 1898 889 1966 tangere.

248 1990 334 2047 Urnis
347 1987 482 2046 scelestas
497 1985 646 2044 Danaides
662 1993 778 2063 portant
788 2005 891 2064 aquas,
1021 2009 1047 2049 ro

214 2083 218 2094 ’
249 2087 370 2145 Pertusa
384 2103 437 2142 nec
452 2083 598 2160 complere
612 2093 735 2162 possunt
747 2083 836 2155 dolia,

249 2185 311 2242 lmo
326 2179 459 2249 luxuriae,
473 2179 612 2256 quicquid
627 2179 750 2253 dederis,
764 2181 895 2258 perfluet·

250 2281 362 2339 Novem
377 2286 523 2357 porrectos
535 2275 634 2354 Tityos
649 2288 693 2336 est
707 2297 756 2355 per
765 2279 878 2356 jugera,

248 2376 333 2436 Tristi
349 2383 480 2434 renatum
496 2392 652 2451 suggerens
667 2393 759 2452 poenae
771 2376 871 2454 jecur:

253 2473 319 2544 Quo
334 2473 399 2553 quis
413 2471 549 2551 majorem
562 2471 691 2550 possidet
703 2482 786 2530 terroe
802 2473 908 2544 locum,
1022 2497 1047 2539 rs

253 2573 318 2631 Hoc
331 2573 542 2631 demonstratur
557 2588 626 2628 cura
639 2569 767 2645 graviore
782 2571 875 2631 affici:

254 2669 396 2728 Consulto
409 2667 526 2725 involvit
539 2666 687 2734 veritatem
702 2665 880 2745 Antiquitas,

254 2768 295 2825 Ut
308 2765 421 2842 sapiens
435 2763 617 2841 intelligeret,
632 2775 737 2822 erraret
751 2765 840 2824 rudis.

343 2864 387 2920 VI
389 2863 406 2920 Ι
408 2858 660 2930 .-Auclor·-De
678 2861 812 2922 Orucalo.
823 2865 980 2941 Apollinis

258 2963 397 3021 U'rrnros
413 2957 495 3038 nobis
509 2958 578 3036 quid
594 2957 641 3028 sit,
655 2957 714 3030 dic,
730 2957 850 3033 Phoebe,
862 2963 989 3035 obsecro,

432 3161 454 3194 ⁶²
472 3159 609 3224 Valentem]
625 3161 642 3211 i.
652 3177 675 3212 e.
686 3160 870 3212 hominem-
