2286 3696
235 217 273 275 34
343 235 477 276 ennnnr
494 236 697 276 rnnunseuu
717 237 915 280 nsorrnnuru

233 363 415 443 Quapropter
427 361 539 443 Apibus
551 363 675 423 fructum
686 365 805 425 restituo
819 365 938 426 suum.’'

274 461 360 520 Hane
373 461 572 539 praeteriissem
586 461 715 520 fabulam
730 462 857 533 silentio,

233 557 265 616 si
278 568 393 636 pactam
409 558 480 618 Fuci
494 577 552 616 nou
566 557 747 618 recusdssent
761 560 858 619 fidem.

435 657 485 713 XI
491 657 696 732 V.-AEsopus
711 658 823 716 ludens.

232 752 419 812 Pnnnonuu
432 752 459 811 in
477 753 562 814 turb'u
575 753 693 830 quidem
709 753 857 812 ludentem
872 754 987 815 Atticus
1023 756 1027 762 ’

234 851 372 928 AEsopum
389 850 510 909 nucibus
524 870 613 928 quum
629 850 756 922 vidisset,
772 851 886 923 restitit,
988 873 1032 914 ors

234 947 367 1025 thuesi
380 947 500 1007 delirum
514 948 584 1006 risit.
627 947 714 1015 Quod
730 949 819 1007 sensit
833 949 918 1009 simul

235 1044 353 1103 Derisor
367 1044 473 1122 potine,
488 1064 576 1123 quam
592 1044 766 1104 deridendus
780 1065 879 1118 senex,

234 1141 342 1200 Areum
357 1150 501 1199 retensum
515 1141 610 1219 posuit
625 1142 654 1199 in
669 1142 765 1202 medie
778 1142 843 1202 via:

235 1245 254 1272 ‘⁶
274 1237 384 1310 Heus,”
400 1238 503 1316 iuquit,
514 1246 533 1271 “
545 1238 672 1316 sapiens,
686 1239 790 1318 expedi
802 1240 872 1318 quid
886 1239 1033 1300 fecerim.'’

235 1335 387 1394 Concurrit
400 1336 535 1414 populus.
580 1333 632 1395 lile
646 1355 676 1396 se
691 1346 806 1415 torquet
820 1337 882 1410 diu,
933 1351 936 1359 '
992 1357 1035 1398 oso

235 1434 298 1494 Nec
311 1432 478 1510 quaestionis
493 1433 594 1511 positee
609 1453 727 1493 causum
743 1433 886 1513 iutelligit.
969 1441 973 1448 “

235 1530 394 1590 Novissime
407 1531 579 1590 succumbit.
620 1532 695 1589 Turn
711 1531 805 1590 victor
820 1534 945 1610 sophus:

233 1635 252 1662 “
264 1628 331 1688 Cito
342 1647 457 1707 rumpes
470 1647 580 1698 arcum,
596 1645 709 1706 semper
719 1627 742 1685 si
752 1637 867 1687 tensum
877 1627 1030 1699 habueris;

234 1727 274 1786 At
287 1728 310 1784 si
325 1724 440 1798 lanieris,
455 1745 544 1803 quum
560 1711 649 1796 voles,
661 1724 717 1783 erit
733 1723 841 1784 utilis.''

274 1825 323 1883 Sic
335 1823 421 1882 ludus
434 1822 530 1880 animo
543 1822 631 1882 debet
645 1821 801 1899 aliquando
815 1822 888 1895 deri,
991 1845 1034 1885 ors

234 1920 280 1978 Ad
295 1919 479 1998 cogitandum
495 1919 593 1977 melior
609 1928 642 1977 ut
655 1918 754 1977 redeat
768 1919 830 1977 tibi.

427 2017 458 2074 X
461 2017 627 2075 V.-Canis
641 2017 683 2075 ad
696 2018 822 2093 Ayuum.

235 2117 339 2174 Inruit
354 2113 482 2193 capellas
497 2113 582 2189 Agno
595 2112 705 2172 balanti
720 2112 820 2184 Canis,

235 2219 254 2246 ‘⁴
270 2211 395 2283 Stulte‚''
409 2210 513 2289 iuquit,
524 2216 543 2244 “
554 2227 641 2280 erras,
652 2228 710 2266 nou
723 2218 769 2267 est
782 2208 828 2268 hie
840 2218 932 2269 mater
945 2212 1042 2269 tua.'’·

234 2309 369 2386 Ovesque
383 2315 547 2385 segregatas
560 2305 687 2366 ostendit
701 2304 812 2385 procul.

236 2413 256 2441 “
268 2408 336 2466 Non
344 2406 422 2465 iliam
433 2423 544 2483 quoero‚
556 2424 634 2482 quse,
643 2423 734 2482 quum
745 2403 859 2463 libitum
870 2412 924 2476 est,
934 2403 1034 2464 conci-

356 2503 409 2582 pit,
991 2521 1036 2560 eso

236 2600 313 2659 Dein
327 2609 423 2679 portat
435 2617 508 2658 onus
522 2595 652 2675 ignotum
666 2595 750 2659 certis
764 2595 921 2664 mensibus,

238 2697 399 2756 Novissime
411 2697 574 2775 prolapsam
590 2693 715 2754 effundit
728 2694 889 2753 sarcinam:

236 2793 342 2852 Verum
358 2793 446 2864 illam,
461 2811 528 2871 quae
543 2811 589 2850 me
603 2791 694 2850 nutrit
706 2790 824 2850 admoto
838 2790 936 2863 ubere,

235 2891 419 2969 Fraudatque
433 2899 516 2948 natos
530 2888 616 2960 lacte,
631 2907 668 2947 ne
682 2887 757 2947 desit
771 2886 871 2946 mihi.”

235 2994 255 3021 “
270 2987 378 3046 Tamen
393 2986 442 3044 iliu
454 2993 499 3044 est
512 2985 616 3064 potior,
630 3005 697 3064 quae
709 2995 738 3044 te
748 2983 949 3063 peperit.’'-“
963 2984 1043 3044 Nou·

357 3083 397 3142 ita
411 3092 464 3141 est.
993 3101 1035 3140 ess

237 3181 321 3239 Unde
336 3178 386 3237 iila
399 3177 491 3250 scivit,
505 3175 587 3254 niger
599 3197 636 3236 an
651 3175 735 3236 uibus
748 3195 879 3237 nascerer
889 3176 912 3234 i.
