2298 3684
298 275 470 315 nrrnnmx
488 275 706 315 aasumensi.
856 259 893 313 77

105 405 140 462 ln
154 422 255 482 agrum
269 401 381 481 prodit:
404 401 480 461 illico
493 402 657 481 supervenit

105 501 260 579 Accipiter,
275 510 304 559 et
317 518 517 579 comprensum
531 499 613 558 saevis
628 499 774 578 unguibus
830 521 896 564 soso

105 597 247 676 Fugiente
260 597 378 655 devorat
391 597 530 655 Anserem
544 596 674 656 Ciconia.

106 695 163 753 Cui
175 695 284 754 Anser:
307 700 327 727 ‘⁴
343 693 402 761 Qui
415 703 535 772 patrono
550 703 654 753 setam
669 693 756 754 debili

107 791 216 862 Credit,
230 790 326 869 pejore
340 789 415 847 finiri
429 789 515 849 debet
529 791 629 850 nece.''

289 886 350 945 XX
356 888 543 946 Vin-Ovis
556 899 586 946 et
604 887 721 947 Cornix.

108 989 146 1046 ln
161 998 241 1064 tergo
256 984 363 1043 Cornix
377 984 469 1043 otiosa
481 984 633 1044 considens

107 1080 189 1151 Ovis,
203 1081 344 1140 tundebat
356 1080 428 1139 illud
440 1092 547 1141 rostro:
569 1101 659 1159 quum
674 1082 723 1141 diu
848 1103 898 1148 19³⁵

108 1177 246 1251 Fecisset,
261 1178 353 1256 inquit
367 1177 479 1256 patiens
494 1178 564 1237 Ovis
578 1167 708 1259 inj‘uriae:

108 1281 127 1308 “
140 1275 232 1358 ⁴Hanc
247 1275 271 1334 si
285 1275 400 1333 fecisses
414 1276 617 1334 contumeliam
632 1277 718 1348 Cani,

108 1371 181 1452 Ejus
194 1372 329 1430 latratum
343 1372 423 1430 haud
438 1371 554 1432 ferres.'’
595 1375 635 1432 At
648 1374 757 1432 Cornix
771 1373 845 1432 Ovi:

108 1479 128 1508 “
145 1470 229 1529 Collo
244 1480 303 1530 tam
317 1471 384 1529 forti
397 1491 545 1548 nunquam
561 1471 657 1543 sedeo,
672 1492 740 1531 narn
754 1473 813 1531 scio

108 1567 197 1636 Quod
211 1568 330 1627 debeam
344 1567 493 1640 lacessere,
509 1569 591 1626 annis
606 1568 728 1636 callida;
849 1591 900 1634 1940

107 1666 230 1724 Acribus
244 1665 347 1737 amica,
358 1675 393 1724 at
407 1665 571 1745 importuna
583 1666 737 1724 inermibus
750 1687 757 1725 :
818 1733 819 1737 Ἰ

108 1762 158 1822 Sic
173 1783 218 1820 me
232 1771 355 1821 creatam
372 1763 411 1821 Di
425 1747 575 1821 voluerunt
587 1761 709 1822 vivere.”

150 1857 214 1932 His,
229 1859 279 1938 qui
292 1859 438 1918 lacessunt
451 1859 616 1919 innocentes
630 1861 720 1918 infimi

110 1957 222 2015 Vexare
237 1957 324 2015 fortes
335 1966 477 2026 metuunt,
492 1956 598 2036 scripta
612 1967 656 2016 est
670 1957 778 2018 fabula.

252 2055 283 2111 X
285 2055 314 2112 X
317 2055 378 2112 VII
378 2055 398 2111 Ι
398 2055 585 2113 .-Formica
598 2064 628 2112 et
645 2055 765 2114 Cicada.

110 2152 237 2210 H1nn11s
252 2151 383 2210 Formica
398 2170 488 2229 grana
500 2142 627 2229 ternpore
642 2171 657 2210 e
672 2172 743 2212 cavo
852 2171 902 2218 1945

108 2249 237 2308 Trahens
249 2248 394 2317 siccabat;
417 2269 483 2326 quae
499 2248 624 2328 prudens
639 2250 794 2329 collegerat

109 2348 232 2405 AEstate.
274 2344 411 2404 Esuriens
425 2345 512 2418 hanc,
527 2355 560 2404 ut
574 2345 682 2424 aliquid
696 2347 748 2405 sibi
762 2347 843 2405 daret

9 2487 10 2498 ,
111 2444 210 2520 Rogat
223 2441 342 2501 Cicada.
386 2442 442 2501 Cui
456 2443 608 2503 Formica:
632 2451 651 2478 ‘⁴
668 2444 779 2502 AEstate
793 2443 861 2522 qnid

109 2541 227 2618 Agebas
237 2539 268 2598 ?''
283 2539 386 2616 inquit.
429 2538 501 2600 Illa:
523 2546 543 2573 ‘⁴
559 2539 625 2598 Non
639 2549 700 2598 erat
712 2539 802 2598 otium

111 2637 153 2696 Ut
166 2636 201 2694 de
216 2635 312 2695 futuro
326 2619 482 2712 cogitarem
495 2646 632 2715 tempore.
849 2656 904 2704 noso

110 2733 251 2792 Errabam
265 2744 386 2790 cantans
400 2752 450 2812 per
463 2752 545 2812 sepes
558 2743 587 2792 et
600 2734 739 2813 pascua.”

112 2829 223 2888 Ridens
237 2829 370 2888 Formica
384 2839 413 2888 et
426 2849 516 2908 grana
530 2831 665 2902 referens,
679 2831 720 2890 sic
735 2831 793 2892 ait:

110 2934 131 2961 “
148 2929 261 2986 AEstate
274 2946 340 3004 quae
355 2925 489 2998 cantdsti,
504 2947 568 3005 age,
582 2928 656 2987 salta
670 2927 804 3006 frigore.”

154 3023 240 3101 Piger
253 3023 363 3084 laboret
377 3034 455 3083 certo
470 3044 581 3104 semper
592 3035 730 3117 tempore,

112 3121 171 3197 Ne,
187 3141 276 3203 quum
291 3120 332 3188 nil
345 3120 461 3204 habeat,
476 3141 597 3213 poscens
609 3123 732 3203 accipiat
742 3122 822 3181 nihil.
857 3143 907 3187 19⁵⁵
