2298 3684
231 199 269 256 76
559 212 692 256 ennom

446 342 508 400 XX
513 343 682 402 V.-Homo
694 352 724 401 et
738 343 816 401 Leo.-

232 437 327 498 Homo
340 439 471 498 certabat
484 459 551 498 cum
565 439 670 510 Leone,
685 439 794 497 fortior*

231 535 305 602 Quis
317 545 401 608 esset,
417 534 531 614 litisque
545 535 633 615 hujus
646 535 841 594 testimonium
974 556 1039 601 1905.

231 634 308 692 Dum
324 643 468 711 quaerunt‚
484 632 520 691 ad
535 633 697 711 sepulcrum
710 634 830 693 tandem
843 643 981 692 venerunt
993 654 1001 700 ;

232 730 317 790 Elisis
330 731 359 788 in
375 750 433 809 quo
445 731 482 789 ab
497 730 612 790 homine
627 731 736 808 pictum
751 731 883 790 faucibus

230 827 355 886 Leonem
367 827 503 899 ostendit,
517 837 718 906 argumentum
731 828 843 887 virium.

231 924 287 982 Leo
302 924 464 1003 respondit:
488 930 507 958 ‘⁴
524 925 662 983 Humana
675 924 731 984 hoc
745 925 854 1003 pictum
869 944 977 983 manu:

231 1020 350 1080 Videres
364 1021 509 1080 hominem
522 1006 679 1100 dejectum,
694 1021 718 1080 si
732 1021 849 1099 pingere
974 1041 1029 1086 1910

231 1117 339 1176 Leones
351 1117 466 1178 scirent.
508 1117 566 1176 Sed
580 1138 633 1196 ego
647 1119 844 1178 testimonium

231 1215 317 1273 Dabo
330 1215 441 1273 virtutis
454 1215 588 1274 certius.”
629 1215 676 1274 Ad
692 1215 888 1294 spectaculum

231 1311 350 1370 Induxit
363 1311 519 1383 hominem,
534 1323 697 1372 monstrans
712 1312 761 1372 ubi
775 1314 852 1371 bona
866 1311 923 1372 fide

232 1408 257 1466 E
271 1417 369 1468 nectos
383 1429 400 1468 a
414 1408 545 1468 leonibus
559 1410 699 1484 homines,
716 1410 772 1470 ait:

230 1511 249 1538 ‘⁸
268 1504 335 1563 Non
350 1517 394 1564 est
407 1504 534 1579 colorum
550 1507 816 1586 testimoniis-opus
974 1525 1038 1571 rou.

231 1602 287 1661 llic
300 1603 452 1662 exhibetur
464 1623 531 1662 vera
542 1603 631 1662 virtus
644 1604 788 1663 actibuS.”

270 1699 373 1758 Colore
386 1700 491 1759 frustra
506 1700 660 1760 mendaces
675 1700 717 1759 uti
730 1701 817 1760 docet

230 1796 360 1867 Fabella,
374 1808 454 1856 certa
468 1817 557 1874 quum
572 1796 658 1856 datur
672 1798 812 1876 probatio.

318 1894 380 1951 XX
386 1895 431 1954 VI
432 1895 617 1965 .—Ciconiu‚
634 1897 728 1953 Anser
742 1904 772 1952 et
786 1895 943 1971 Accipiter.

230 1990 390 2051 Vnnrsssr
404 2000 504 2050 notum
518 1991 555 2048 ad
567 2000 702 2069 stagnum
716 2011 805 2069 quum
819 1991 950 2062 (beonia,

233 2088 410 2165 Mergentem
424 2088 534 2146 invenit
547 2108 578 2146 se
592 2087 756 2166 frequenter
770 2089 908 2148 Anserem
976 2109 1027 2155 roso

231 2185 294 2243 Sub
307 2184 409 2252 undis;
433 2184 535 2262 quaerit
548 2205 599 2243 cur
612 2185 667 2244 hoc
680 2185 804 2244 faceret:
828 2184 881 2244 llle
893 2185 942 2258 ait,

230 2287 250 2315 “
262 2281 336 2340 llaec
351 2281 433 2340 nobis
448 2280 627 2340 consuetudo
641 2293 693 2352 est,
708 2293 737 2340 et
751 2283 780 2340 in
794 2281 855 2341 luto

231 2379 403 2456 Reperimus
416 2398 522 2449 escam,
537 2389 566 2437 et
581 2379 733 2458 Accipitris
747 2379 831 2438 simul
845 2379 983 2459 impetum

230 2476 378 2536 Venientis
393 2475 430 2536 ad
445 2495 498 2535 nos
512 2476 567 2536 tuti
582 2476 622 2536 sic
637 2476 816 2536 evadimus.''

230 2580 249 2608 ‘⁸
267 2573 339 2632 Sum
353 2574 443 2633 multo
458 2574 603 2652 Accipitre
617 2574 752 2642 fortior;”
773 2573 905 2632 Ciconia-
975 2593 1024 2638 roes

231 2671 340 2748 Inquit,
356 2678 375 2704 “
392 2670 545 2730 amicitiam
560 2671 583 2729 si
595 2671 636 2729 vis
650 2690 764 2729 mecum
775 2671 908 2750 jungere,

231 2767 277 2825 llli
291 2767 425 2826 insultare
438 2768 527 2827 victor
540 2767 645 2846 poteris
660 2766 823 2826 credulus.'’

232 2863 270 2922 Et
283 2864 413 2942 protinus
428 2865 565 2944 auxilium
580 2874 681 2943 petens
695 2864 788 2924 Anser
801 2863 886 2923 simul

263 3017 302 3049 ¹⁹⁰⁶
315 3019 423 3067 “Posset
433 3017 480 3082 legi
491 3026 497 3046 ¹
509 3026 621 3067 venerant
629 3017 643 3066 ι’
660 3018 701 3068 sed
712 3026 736 3068 et
744 3017 873 3066 Phaedrum
885 3016 1022 3081 corripuisse

232 3095 326 3152 similia,
340 3111 403 3160 sepe
414 3103 519 3144 notatum
536 3110 551 3143 a
568 3094 814 3144 commentatoribus.”
847 3095 926 3144 Gaii..
935 3093 965 3141 de
975 3109 1022 3158 qua

231 3189 256 3222 re
267 3172 325 3221 nihil
335 3172 393 3222 certi
403 3172 487 3231 habeo,
497 3187 540 3221 nec
551 3180 629 3222 tamen
639 3171 669 3222 de
678 3171 723 3221 ista
733 3171 830 3222 licentia
841 3172 922 3222 nullus
932 3170 1020 3220 dubito.
