2298 3684
281 219 456 260 areannrx
474 221 693 262 ranununuru.
844 207 882 264 69

82 349 189 408 Ridere
203 357 327 427 pergunt
341 349 429 407 verba
443 349 520 407 Aves
533 347 705 408 Hirundinis

80 445 242 505 Consilium
257 454 286 504 et
299 456 440 524 spernunt
454 445 541 504 stulte
555 445 819 524 prudentissimum.

81 543 122 601 At
134 541 185 603 illa
199 551 297 614 cauta,
313 541 350 600 ad
364 541 554 602 hominemse
568 561 636 600 mox
650 542 783 616 contulit,

82 640 123 700 Ut
136 648 200 698 tuta
213 638 300 717 tignis
315 639 418 698 nidum
433 638 592 718 suspendat
605 659 700 698 suum.
829 661 880 702 rrrs

82 737 140 796 Sed
155 757 222 815 quae
239 735 353 796 salubre
368 737 509 796 monitum
524 737 600 796 Aves
614 736 814 816 despexerant,

84 833 130 892 De
143 831 203 891 lino
217 832 301 892 lactis
315 842 410 912 captae
425 843 547 911 pereunt
560 831 678 891 retibus.

265 930 518 988 xiil-Perdix
533 939 562 988 et
582 931 695 1006 Vulpis.

84 1025 236 1086 Restm
246 1027 305 1086 alta
315 1026 464 1106 quondam
480 1026 586 1085 Perdix
601 1027 710 1100 arbore,

82 1122 209 1182 Advenit
222 1123 336 1202 Vulpis.
380 1123 494 1182 Deinde
509 1125 549 1182 sic
564 1124 652 1203 coepit
665 1123 765 1202 loqui:

83 1227 103 1253 “
119 1219 146 1278 Ο
161 1230 271 1298 quanta
284 1220 379 1280 vultus
394 1220 503 1299 species
518 1232 572 1291 est,
587 1220 704 1292 Perdix,
718 1220 777 1282 tui!
828 1243 883 1284 1720,

84 1315 203 1376 Corolia
216 1326 351 1391 rostrum,
365 1336 447 1376 crura
460 1317 580 1377 vincunt
594 1337 730 1398 purpurae

84 1413 250 1491 Fulgorem.
291 1415 332 1472 At
344 1414 367 1473 si
382 1414 529 1486 dormires,
544 1424 654 1493 quanto
670 1414 813 1492 pulchrior

83 1510 171 1570 Esses
184 1511 210 1569 !”
232 1513 272 1570 Ut
286 1511 375 1584 stulta
390 1511 495 1570 clausit
508 1512 618 1582 oculos,
634 1510 713 1570 illico

83 1607 175 1686 Rapit
188 1608 350 1667 credentem
360 1607 479 1686 Vulpis.
523 1606 577 1667 Illa
590 1608 705 1666 fletibus

83 1705 160 1764 Haec
174 1705 264 1764 mixta
277 1705 409 1783 gravibus
424 1706 509 1765 verba
522 1704 644 1784 supplex
659 1704 767 1764 edidit:
832 1727 884 1769 nas

83 1808 103 1835 ‘⁴
119 1801 186 1874 Per,
200 1801 265 1860 Oh!
285 1811 411 1873 tuarum,
427 1801 540 1881 Vulpis,
555 1801 659 1860 artium
673 1802 771 1875 decus,

85 1899 125 1958 Ut
139 1909 218 1970 ante,
232 1918 342 1977 quaeso,
357 1918 462 1958 nomen
471 1897 602 1977 ¹proferas
617 1918 723 1958 meum.

84 1995 135 2055 Sic
150 1995 330 2055 devorabis.”
371 1995 488 2073 Vulpis,
502 1995 552 2054 ubi
566 1994 761 2073 voluitloqui,

83 2092 207 2171 Aperuit
219 2111 272 2152 os:
295 2102 325 2151 at
339 2092 445 2151 Perdix
460 2091 549 2151 evasit
563 2110 674 2151 necem.

84 2189 218 2267 Decepta
226 2188 340 2268 Vulpis,
348 2196 367 2223 “
376 2188 457 2256 Quid
468 2208 541 2267 opus
552 2197 614 2247 erat
623 2188 693 2247 mihi
702 2187 780 2266 loqui
790 2187 821 2248 l”
833 2210 882 2251 nso

9 2337 10 2340 ,
84 2286 253 2364 Respondet
266 2285 382 2358 Perdix,
398 2291 417 2318 “
433 2285 473 2343 Et
485 2284 607 2344 domnire
621 2285 690 2362 quid
706 2285 776 2343 mihi

84 2383 158 2441 Erat
170 2402 297 2454 necesse,
311 2401 428 2441 somnus
442 2381 489 2441 cui
504 2402 562 2441 non
576 2391 692 2440 venerat
702 2382 733 2441 T’

127 2480 193 2538 Hoc
207 2478 273 2552 illis,
289 2479 339 2557 qui
353 2479 513 2557 loquuntur
526 2479 576 2536 ubi
590 2478 632 2535 nil
647 2489 691 2538 est
703 2496 786 2556 opus,

84 2577 124 2636 Et
137 2577 199 2655 qui,
213 2578 329 2656 vigilare
343 2598 433 2656 quum
447 2596 563 2636 necesse
576 2585 629 2647 est,
645 2575 800 2634 dormiunt.

204 2676 254 2734 XI
260 2675 465 2746 V.-Asellus,
481 2676 551 2746 Bos,
565 2675 595 2731 et
615 2673 760 2732 Volueres.

83 2774 236 2832 Asannus
251 2783 280 2831 et
295 2772 354 2831 Bos
368 2791 427 2830 uno
442 2769 543 2830 sociati
553 2771 627 2849 jugo
831 2791 882 2832 rias

83 2871 251 2930 Plaustrum
264 2869 437 2929 trahebant:
460 2869 519 2928 Bos
532 2868 602 2927 dum
617 2866 711 2925 tendit
726 2866 847 2926 validius

84 2966 236 3043 Confregit
248 2957 347 3025 corriu.
390 2965 504 3024 Asellus
518 2964 558 3022 nil
573 2963 721 3023 levaminis

83 3063 198 3123 Sentire
207 3063 288 3144 jurat
302 3083 331 3122 se
347 3083 364 3123 a
378 3072 510 3122 consorte
524 3061 622 3120 debili.

85 3161 225 3221 Laborem
240 3159 405 3233 intendens,
419 3179 509 3219 cornu
523 3157 630 3237 mmpit
644 3158 774 3230 alterum,
