2298 3684
405 230 606 274 seurnurrn.
851 213 906 270 119

113 360 172 428 Qui
185 355 251 440 pote
265 359 416 440 transferre
431 379 567 435 emerem,
580 370 647 439 pote
660 360 813 439 deponere

112 457 180 526 Qun
195 477 246 537 pro
260 457 412 522 innocente
425 458 505 530 dicit,
519 458 590 518 setis
602 469 647 517 est
659 458 805 536 eloquens.

112 554 180 623 Qur
195 555 298 634 seipse
312 554 422 628 laudet,
437 554 494 615 cito
508 555 664 616 derisorem
677 539 795 614 invenit.
858 569 897 614 ern

113 651 188 720 Quis
201 653 388 732 pauperent?
409 631 520 724 videtur
530 652 676 732 quidives
690 653 755 714 sibi.

112 749 173 818 Qui
186 749 240 810 sibi
254 769 312 811 non
327 750 404 822 vivit,
418 749 518 809 merito
532 750 595 810 eliis
609 761 653 810 est
665 760 804 810 mortuus.

112 847 188 916 Quis
202 847 334 912 miserum
347 847 444 920 sciret,
457 848 544 908 rerba
556 847 612 908 nisi
624 846 743 908 haberet
756 846 860 908 dolor?

112 944 187 1013 Quis
200 945 354 1024 plurimum
368 944 479 1005 habet?
500 944 524 1003 is
538 931 589 1024 qiu
602 944 730 1004 omniurn
746 945 895 1004 minimum

233 1042 323 1121 cupit.
780 1091 784 1098 .
890 1095 892 1102 .

111 1138 173 1208 Qui
185 1139 269 1198 timet
281 1139 417 1210 amicum,
432 1137 543 1198 amicus
556 1148 590 1198 ut
603 1138 712 1211 timeat,
728 1138 823 1199 docet.
866 1155 905 1200 ers

112 1235 174 1304 Qui
186 1235 268 1298 timet
282 1236 417 1308 amicum,
432 1235 491 1294 virn
502 1255 562 1296 non
574 1235 654 1295 norit
667 1235 800 1297 nominis.

112 1332 174 1401 Qui
187 1331 264 1395 venit
278 1342 311 1392 ut
325 1341 438 1405 noceat,
453 1352 566 1412 semper
580 1332 735 1394 meditatus
749 1333 835 1394 venit.

111 1429 174 1499 Qui
186 1429 300 1491 dubitet
313 1430 424 1502 ulcisci,
436 1431 580 1510 improbos
594 1428 691 1508 plures
704 1431 783 1491 facit.

111 1527 172 1596 Qui
186 1527 281 1606 eulpae
296 1527 419 1606 ignoscit
431 1527 494 1600 uni,
508 1527 611 1588 suadet
624 1526 764 1607 pluribus.

111 1623 903 1706 Quocevetis,cumanimusaliud,verbenliudpetuntt

111 1722 209 1790 Quor>
223 1733 295 1782 etas
308 1722 410 1782 vitium,
421 1721 527 1800 posuit,
541 1732 612 1782 estes
625 1721 743 1782 auferet.

111 1819 316 1898 Quodcunque
330 1819 442 1879 enimus
455 1819 510 1878 sibi
523 1819 681 1898 imperavit,
696 1819 815 1879 obtinet.

111 1915 202 1984 Quod
213 1927 257 1976 est
270 1916 441 1988 timendum,
456 1915 574 1996 decipit,
589 1917 612 1976 si
626 1916 766 1996 negligus.
781 1913 782 1918 ’

111 2012 201 2081 Quod
215 2012 309 2076 fecere
322 2024 405 2093 turpe
419 2005 472 2086 est,
487 2013 583 2073 dicere
596 2014 748 2074 honesturn
763 2035 799 2074 ne
813 2025 894 2094 pute.

111 2110 202 2179 Quod
214 2110 312 2190 fugere
326 2111 437 2183 credas,
451 2130 530 2190 saepe
544 2110 618 2171 solet
630 2131 787 2172 occurrere.
868 2129 906 2174 ess

111 2208 201 2276 Quod
214 2208 325 2269 nescies
339 2209 386 2268 cui
401 2227 504 2281 serves,
519 2207 639 2267 stultum
652 2218 697 2268 eet
710 2229 835 2288 parcere.

112 2304 202 2373 Quod
216 2306 337 2380 nescies,
353 2305 491 2366 damnare
505 2325 618 2366 summe
631 2318 675 2368 est
688 2307 842 2366 temeritas.

112 2403 201 2472 Quod
214 2403 307 2483 periit,
321 2403 414 2482 quneri
426 2412 504 2482 pote,
519 2403 650 2481 reprendi
663 2423 720 2462 non
735 2413 812 2483 pote.

112 2499 209 2568 Quen
224 2501 344 2580 quisque
358 2511 446 2571 emat,
461 2499 608 2560 laudande
622 2501 806 2561 commendet
820 2501 883 2561 sibi.

112 2596 202 2666 Quod
216 2616 327 2677 semper
339 2609 384 2656 est
396 2609 540 2677 peratum,
556 2616 614 2656 non
628 2617 740 2676 semper
749 2598 843 2678 juvat.
867 2613 906 2660 een

112 2694 201 2763 Quod
214 2695 307 2754 senior
320 2694 457 2774 loquitur,
471 2713 572 2754 ornnes
585 2694 736 2755 consilium
750 2705 865 2774 putent.

113 2792 201 2860 Quod
212 2792 324 2866 timess,
338 2792 431 2865 citius,
446 2812 536 2872 quarn
548 2793 627 2873 quod
641 2812 746 2872 speres,
760 2794 864 2854 evenit.

112 2887 200 2958 Quod
213 2889 346 2950 vitiosum
357 2902 467 2968 estque
483 2889 580 2950 anime
590 2890 903 2963 saciaenihilinterest.

112 2986 202 3055 Quod
213 2986 262 3046 vix
275 2969 425 3064 contingit,
440 2987 488 3046 vix
501 2987 678 3066 voluptatem
691 2988 775 3068 perit.

112 3083 200 3153 Quod
212 3083 274 3144 vult
286 3083 430 3163 cupiditas
444 3083 563 3162 cogitet,
578 3105 637 3144 non
651 3085 730 3164 quod
744 3085 839 3144 decet.
866 3099 906 3144 ers

113 3181 209 3254 Quen
223 3181 286 3243 ruit
298 3182 397 3256 hebet,
409 3181 460 3261 qni
473 3182 546 3243 velle
558 3182 638 3263 quod
653 3183 721 3242 setis
735 3191 779 3242 est
792 3191 896 3264 potest.
