2298 3684
241 197 279 254 60
351 212 489 253 Primum
506 213 709 254 statutarum
727 212 926 253 msortstttttt

242 341 339 402 Facile
353 342 391 402 ad
406 341 529 402 derisum
544 341 633 402 stulta
644 341 744 402 levitas
752 335 881 402 ducitur.
985 345 1039 402 isat

283 439 419 519 Princeps
432 439 552 499 Tibicen
567 440 661 498 notior
674 438 762 518 paulo
777 438 841 511 suit,

242 535 367 615 Operam
383 536 519 616 Bathyllo
535 537 635 596 solitus
650 537 679 595 in
695 557 782 596 scena
796 537 875 596 dare.

242 635 271 693 Is
285 633 357 694 forte
371 634 456 705 ludis,
468 654 526 694 non
541 635 610 695 satis
624 635 740 694 memini
752 635 869 713 quibus,

244 732 323 791 Dum
338 751 442 811 pegma
456 731 577 810 rapitur,
591 732 719 792 concidit
732 752 800 791 casu
815 732 893 810 gravi

244 828 439 909 Necopinans,
452 838 482 887 et
495 828 639 887 sinistram
654 829 739 907 fregit
753 829 863 901 tibiam,
987 837 1043 896 'rece

244 926 326 986 Duas
340 945 429 1005 quum
442 925 558 986 dextras
570 926 718 986 maluisset
731 927 859 1006 perdere.

243 1023 320 1082 luter
334 1044 437 1083 manus
450 1024 591 1097 sublatus,
605 1034 634 1083 et
649 1025 770 1083 multum
786 1043 914 1102 gemam,

244 1119 370 1180 Domum
385 1121 513 1180 refertur.
556 1121 678 1194 Aliquot
691 1141 805 1181 menses
816 1129 985 1188 transeunt;

245 1216 290 1276 Ad
305 1217 455 1277 sanitatem
470 1218 541 1276 dum
554 1220 632 1278 venit
646 1219 766 1278 curatio.

245 1315 286 1373 Ut
300 1324 491 1392 spectatorum
506 1334 569 1374 mos
582 1325 667 1374 estet
679 1315 806 1394 lepidum
822 1335 923 1394 genus,
989 1334 1043 1380 ιω

247 1410 408 1471 Desiderari
423 1411 522 1491 coepit,
537 1413 621 1493 cujus
637 1411 753 1472 flatibus

246 1509 365 1568 Solebat
378 1509 496 1569 excitari
509 1510 641 1570 saltantis
654 1509 744 1588 vigor.

248 1605 319 1665 Erat
329 1605 460 1666 facturus
474 1606 559 1666 ludos
573 1605 692 1685 quidam
706 1605 817 1666 nobiles

247 1703 286 1762 Et
300 1703 454 1782 incipiebat
468 1704 607 1783 Princeps
622 1703 772 1781 ingredier.
815 1704 890 1764 Eum

247 1801 374 1860 Adducit
387 1801 488 1880 pretio,
504 1801 646 1880 precibus,
660 1813 693 1861 ut
706 1801 908 1862 tantummodo
990 1821 1044 1860 rsoo

247 1899 314 1977 Ipso
328 1898 459 1957 ludomm
475 1898 638 1958 ostenderet
651 1917 714 1958 sese
728 1897 785 1958 die.

246 1995 305 2063 Qui
319 1994 403 2054 simul
418 1994 543 2067 advenit,
558 2015 654 2054 rumor
667 1995 704 2054 de
718 1995 836 2054 tibicine

244 2093 351 2151 Fremit
364 2091 393 2150 in
407 2092 540 2152 theatro:
563 2093 683 2171 quidam
697 2093 843 2152 affirmant
857 2102 1016 2164 mortuum,

246 2187 371 2256 Quidam
385 2189 414 2247 in
428 2199 615 2268 conspectum
631 2190 810 2269 proditurum
824 2189 885 2250 siue
899 2208 989 2250 mora.

245 2285 348 2344 Aulaeo
363 2285 459 2356 misso,
475 2285 617 2346 devolutis
631 2287 805 2359 tonitmbus,
993 2302 1045 2346 reor

247 2383 296 2442 Dii
310 2392 378 2442 sunt
392 2383 503 2462 loquuti
518 2402 597 2443 more
611 2384 795 2446 translatitio.

243 2482 326 2541 Tunc
340 2481 445 2540 chorus
461 2481 591 2558 ignotum
604 2492 633 2541 et
647 2501 725 2541 more
740 2481 860 2541 reducto
873 2479 1019 2540 canticum

246 2578 397 2658 Imposuit,
412 2579 498 2660 cujus
511 2577 577 2638 baec
593 2578 648 2639 suit
660 2578 822 2639 sententia:

277 2709 327 2775 ¹⁸⁹⁰]
344 2712 415 2762 Tibia
430 2712 491 2762 duas
508 2711 580 2762 habet
595 2712 793 2777 significationes:
813 2711 929 2776 Princeps
946 2711 1043 2775 quidem

243 2805 270 2837 os
280 2787 387 2854 fregerat,
397 2790 461 2855 quod
471 2799 568 2840 vocatur
578 2790 638 2840 tibia
648 2807 655 2852 ;
672 2790 795 2839 maluisset
809 2805 863 2838 vero
877 2788 926 2836 duo
940 2788 1045 2838 musices

244 2869 401 2918 instrumenta
419 2867 532 2932 frangere,
551 2883 605 2933 quae
618 2868 691 2918 etiam
711 2867 773 2917 tibias
791 2867 940 2934 appellantur
956 2865 1045 2932 quibus

243 2952 280 2994 est
292 2960 334 3010 pro
350 2945 420 2993 variis
433 2945 512 2994 formis
529 2947 608 2993 dextra
627 2954 670 2994 aut
686 2947 780 2994 sinistra
798 2959 883 2993 nomen
901 2942 1045 2992 inditum.-

245 3019 296 3083 1561’]
309 3022 361 3070 Hoc
377 3021 496 3071 confisum
511 3038 558 3071 non
574 3022 603 3071 ad
618 3021 749 3071 Tibicinem
765 3021 806 3070 sed
820 3020 849 3070 ad
868 3022 1045 3086 Imperatorem,

245 3115 308 3148 more
324 3098 441 3156 tbeatrdi,
459 3099 573 3148 directum
588 3099 693 3149 videtur.
725 3099 840 3163 Princeps
849 3113 912 3156 vero,
922 3097 964 3162 qul
974 3111 1050 3161 egro·

243 3177 317 3233 tabat,
328 3176 352 3224 iu
363 3192 388 3225 se
399 3175 506 3242 plausum
518 3176 599 3244 populi
609 3176 731 3242 arrogavit.
