2298 3684
391 242 594 284 snurrnrrm.
842 228 896 286 107

98 370 246 432 Honestns
259 389 355 432 rumor
368 372 493 432 alterum
507 381 552 432 est
564 371 779 452 patrimonium.

97 467 206 530 Honos
221 469 374 530 honestum
387 469 515 541 decorat,
529 470 714 530 inhonestum
728 479 821 532 notat.
858 492 897 534 ers

97 565 295 628 Humanitatis
308 567 419 647 optima
433 577 478 627 est
489 568 618 628 certatio.
651 613 655 618 .

95 661 183 724 Jscet
195 665 289 724 omnis
302 665 403 737 virtus,
417 664 496 724 fama
511 664 565 723 nisi
579 665 638 726 late
652 673 743 744 petet.

95 758 141 820 lbi
156 779 266 842 semper
279 773 323 822 est
335 761 465 835 victorin,
480 762 529 820 nbi
544 763 699 823 concordia
712 772 765 822 est.

94 856 140 916 Ibi
151 867 218 936 pote
232 858 324 918 valere
337 858 473 938 populus,
487 858 537 918 ubi
550 857 628 936 leges
640 858 748 922 valent.

94 953 132 1014 ld
146 973 225 1034 agas,
239 965 291 1016 tuo
305 966 335 1016 te
348 955 500 1015 meritone
514 956 580 1034 quis
593 955 696 1016 oderit.
855 979 894 1016 rm

92 1051 176 1139 Ignis
187 1052 244 1112 late
258 1052 365 1125 lucere,
381 1062 414 1112 ut
427 1052 499 1112 nihil
513 1062 591 1124 urat,
602 1061 708 1132 potest.

90 1149 173 1228 Ignis
185 1169 270 1208 suum
285 1151 408 1210 calorem
422 1150 511 1210 etism
525 1149 556 1209 in
570 1151 644 1210 ferro
657 1159 749 1210 tenet.

90 1245 174 1325 Ignis
186 1247 412 1326 prehensurum,
428 1247 549 1308 miserim
564 1248 667 1308 fortem
681 1249 815 1329 probant.
895 1311 897 1319 ,

92 1345 245 1422 Ignosuere
259 1344 409 1404 hominum
422 1354 475 1419 est,
490 1344 540 1405 nbi
554 1349 636 1424 (m'si)
651 1345 742 1426 pudet
756 1346 803 1406 cui
817 1346 860 1424 ig-

91 1441 267 1502 Ienoscrro
281 1461 360 1522 seepe
374 1441 466 1514 alteri,
481 1463 631 1522 nunquam
647 1443 710 1502 tibi.
739 1444 891 1524 [noscitur.

94 1539 174 1598 Iuno
189 1557 296 1599 nocens
310 1558 341 1598 se
354 1539 486 1611 damnat,
501 1559 560 1619 quo
573 1548 677 1619 peccat
690 1539 746 1600 die.

92 1636 251 1716 Imperium
265 1636 426 1697 habereris
439 1637 600 1715 magnum?
621 1637 729 1718 impera
742 1637 805 1698 tibi.

91 1733 265 1813 Imprudens
279 1743 393 1814 peceat,
406 1754 493 1812 quem
505 1745 573 1814 post
586 1735 656 1795 fecti
669 1735 801 1815 poenitet.

92 1829 229 1890 Irrrnrrr
244 1830 273 1890 in
287 1850 353 1890 eum
368 1850 480 1911 pecces,
493 1831 544 1910 qui
561 1841 662 1910 peccat
676 1832 774 1893 rarior.

91 1927 132 1987 Irr
149 1946 245 1987 amore
258 1947 369 2008 semper
383 1928 509 1988 mendax
522 1928 672 1990 iracundie
686 1941 740 1990 est.
852 1951 891 1997 rm

93 2025 130 2083 In
145 2043 241 2085 amore
254 2026 347 2086 formu
359 2025 425 2105 plus
439 2025 516 2085 velet
529 2045 618 2104 quem
632 2027 797 2090 auctoritas.

92 2123 129 2182 In
143 2143 239 2183 amore
253 2143 365 2204 semper
377 2143 467 2184 cansa
480 2123 578 2183 damni
592 2125 742 2204 quseritur.

93 2221 133 2280 In
148 2220 315 2280 calamitoso
326 2221 398 2281 risus
411 2221 499 2281 etium
513 2221 619 2302 injuris
632 2231 686 2283 est.

92 2319 223 2378 Incertus
237 2318 350 2378 animus
362 2319 520 2379 remedium
534 2329 578 2380 est
591 2319 752 2398 sapientire.

92 2414 201 2474 Inertis
210 2415 368 2496 judicatur,
383 2437 450 2476 cum
465 2416 574 2495 fugitur
589 2416 680 2477 labor.
852 2437 891 2482 ωε

92 2513 201 2572 Inertis
212 2522 256 2572 est
269 2511 374 2572 laboris
388 2512 547 2572 excusatio.

93 2609 256 2669 Inrrnron
271 2609 366 2682 discit,
381 2609 520 2689 quicquid
531 2619 635 2688 peccat
649 2609 786 2689 superior.

92 2706 205 2766 Infirmi
220 2707 308 2768 animi
322 2718 436 2767 estnon
451 2726 536 2787 posse
548 2706 662 2766 divitias
676 2705 747 2787 pati.

93 2804 262 2883 Ingenuitrs
277 2824 335 2864 non
350 2803 682 2885 recipit'euntumelium.

91 2902 305 2982 Ingennitatem
320 2902 415 2975 lerdis,
429 2922 497 2962 cum
510 2901 661 2980 indignum
675 2921 770 2981 rugas.
852 2926 890 2961 sno

92 3001 242 3080 Ingenuus
257 3000 370 3060 animus
384 3019 443 3059 non
458 2999 514 3062 fert
526 2999 606 3059 vonis
618 2999 746 3060 verbera.

90 3097 209 3176 Ingrata
222 3108 292 3157 sunt
302 3097 445 3157 beneficia
458 3097 541 3175 queis
554 3115 650 3156 comes
663 3106 768 3158 metus.

92 3195 265 3256 Inunnuus
281 3213 357 3254 unus
370 3193 504 3254 omnibus
517 3194 627 3256 miseris
639 3203 735 3254 nocet.
