2286 3696
344 255 443 296 nmen
459 255 640 298 secundus.
850 247 884 302 21

98 379 148 440 Sic
160 390 225 440 tuta
238 401 304 459 quse
318 392 429 442 naturae
443 384 537 444 suerat
551 405 677 460 munere,
768 421 770 426 v
851 416 888 454 ns

98 477 195 557 Impar
206 478 318 538 duabus
331 481 436 540 occidit
447 482 520 542 tristi
534 481 614 542 nece.

293 578 363 636 VII.
365 579 488 637 -Mnli
500 589 529 637 et
544 581 695 641 Latrones.

100 671 192 732 Mum
206 673 315 751 gravati
329 674 445 734 sarcinis
460 675 542 735 ibant
556 677 635 746 duo

99 769 181 828 Unus
194 769 305 830 ferebat
317 771 412 831 fiscos
414 791 480 830 cum
494 773 629 850 pecunia,

98 866 178 926 Alter
189 868 332 927 tumentes
346 868 438 928 multo
452 888 550 928 saccos
563 869 679 930 hordeo.

100 962 252 1028 llle,]0nere
266 964 344 1024 dives
358 965 435 1024 celsa
448 966 558 1025 cervice
572 967 710 1042 eminens,
850 979 890 1033 nen

101 1060 276 1142 Clarumque
289 1062 364 1121 collo
374 1063 490 1142 jactans
504 1063 728 1126 tintinnabulum
740 1088 748 1136 ;

101 1157 205 1218 Comes
219 1159 316 1238 quieto
330 1159 458 1238 sequitur
470 1159 628 1239 etpla'eido
642 1163 744 1240 gradu.
837 1185 839 1190 ’

102 1255 205 1314 Subito
218 1257 340 1316 latrones
354 1277 389 1316 ex
403 1257 512 1317 insidiis
525 1257 671 1332 advolant,

101 1351 236 1431 Interque
248 1353 358 1412 coedem
373 1353 447 1414 serro
460 1354 571 1414 mulum
585 1357 731 1428 trusitant,

101 1448 247 1527 Diripiunt
260 1469 403 1520 nummos,
417 1450 569 1529 negligunt
582 1452 636 1512 vile
650 1453 797 1514 hordeum.
852 1475 890 1515 nas

100 1545 247 1624 Spoliatus
261 1546 347 1624 igitur
357 1566 442 1607 casus
455 1549 547 1626 quum
561 1548 641 1608 fleret
654 1569 730 1622 snos,
798 1557 799 1560 ’

100 1641 760 1752 “Equidem’‘inquitalter,“mecontemptum
768 1648 889 1726 gaudee,

102 1741 179 1798 Nam
193 1739 233 1799 nil
247 1739 338 1813 amisi,
352 1761 406 1800 nec
421 1741 484 1800 snm
498 1741 592 1800 laesus
597 1742 742 1803 vulnere?

143 1837 208 1897 Hoc
221 1848 388 1916 argumento
403 1837 466 1898 tuta
479 1848 524 1898 cst
537 1838 685 1898 hominum
699 1839 833 1940 tenuitas,

102 1933 213 2013 Magno
226 1934 331 2013 periclo
345 1945 412 1994 sunt
425 1954 493 2014 opes
508 1935 654 1998 obnoxia.
853 1961 892 2005 ιρι

296 2032 385 2090 VIII.
388 2033 549 2092 —Cero'n's
553 2042 583 2091 et
599 2035 701 2092 Boves.

102 2127 238 2186 Census
252 2127 406 2188 nemorosis
420 2128 562 2188 excitatus
576 2128 714 2200 latibulis,

102 2224 145 2282 Ut
158 2234 325 2285 venatorum
338 2224 449 2302 sugeret
464 2225 618 2284 instantem
632 2244 743 2300 necem,

101 2321 192 2380 Caeco
205 2321 305 2380 timore
318 2322 477 2400 proximam
489 2322 585 2382 villam
599 2320 683 2422 petit,¹

103 2416 143 2476 Et
156 2428 316 2496 opportuno
330 2438 360 2478 se
357 2418 460 2477 bovili
474 2417 628 2478 condidit.

103 2514 162 2574 Hic
176 2515 228 2574 bos
240 2514 374 2586 latentist
378 2515 547 2583 ‘Quidnam
560 2515 674 2576 voluisti
688 2513 804 2591 tibi,
855 2539 895 2616 ⁴⁹⁵,

103 2607 210 2671 Infelix
223 2610 324 2672 ultro
310 2617 361 2691 qur
353 2611 412 2672 ad
427 2631 526 2672 necem
540 2613 707 2713 cucurreris,
900 2609 902 2614 ’

101 2708 318 2788 Hominumque
331 2719 407 2769 tecto
421 2709 550 2788 spiritum
564 2707 782 2771 commiserisl”

102 2806 143 2865 At
157 2805 205 2865 ille
217 2806 348 2885 supplex,
363 2812 383 2840 “
398 2805 458 2866 Vos
473 2806 588 2879 modo,”
603 2807 705 2884 inquit,
722 2815 742 2844 “
754 2809 881 2889 parcite:

102 2911 122 2937 ‘⁴
138 2901 299 2963 Occasione
312 2922 409 2963 rursus
423 2923 574 2981 erumpam«
584 2903 683 2964 data.”

102 2999 236 3079 Spatium
251 2999 308 3059 diei
322 3000 413 3060 noetis
426 3000 573 3080 excipiunt
586 3004 673 3062 moes.
857 3021 895 3061 ooo

101 3093 246 3156 Frondem
259 3096 401 3157 bubulcus
415 3096 517 3169 adfert,
532 3117 585 3158 nec
600 3097 664 3158 ideo
678 3097 765 3159 videt.

146 3177 150 3184 Ι
344 3203 374 3236 ⁴⁸⁹
392 3205 510 3269 Teneritas]
520 3215 653 3274 paupertas.
