2286 3696
229 197 248 254 4
342 211 476 252 annuns
493 211 699 256 racusanus
717 211 909 254 asorrnnuu

228 342 353 420 AEsopus
367 325 448 399 nobis
464 339 519 400 hoc
533 338 700 418 exemplum
714 339 880 419 prodidit-
943 345 947 354 '
1019 349 1026 375 l

266 437 393 496 Tumens
408 435 486 495 inani
501 435 636 513 graculus
651 435 795 516 superbia,

227 534 354 605 Pennas,
369 533 473 612 pavoni
486 553 553 612 quae
568 531 747 607 deciderant,
763 534 890 606 sustulit,

228 633 323 710 Seque
337 630 505 690 exornavit:
527 629 634 690 deinde
648 640 837 691 contemnens
849 651 926 703 snos,
1023 645 1029 684 >

227 729 365 788 Formosa
379 747 410 786 se
423 745 569 807 pavonum
582 725 738 787 immiscuit
752 727 841 807 gregi.
998 743 1028 789 ta·

228 825 274 888 Illi
289 823 447 904 impudenti
461 843 572 903 pennas
585 824 710 904 eripiunt
724 825 779 897 avi,

227 925 400 1001 Fugantque
413 921 521 984 rostris.
563 921 643 982 Male
662 921 831 996 mulctatus,
845 921 979 1001 graculus

228 1020 334 1080 Redire
347 1039 469 1079 moerens
483 1017 572 1097 coepit
585 1017 623 1078 ad
637 1019 785 1098 proprium
799 1040 911 1099 genus;

227 1119 252 1176 A
268 1137 327 1198 quo
341 1116 482 1196 repulsus,
497 1115 606 1175 tristem
618 1117 755 1176 sustinuit
769 1128 879 1178 notam.

225 1213 300 1274 Turn
315 1213 434 1293 quidam
449 1233 484 1272 ex
499 1211 564 1284 illis,
579 1231 653 1290 quos
666 1213 745 1293 prins
758 1213 939 1294 despexerat,
998 1221 1026 1276 ts

227 1319 246 1346 “
264 1312 425 1370 Contentus
439 1309 543 1372 uostris
556 1309 580 1368 si
595 1308 698 1370 fuisses
712 1309 840 1383 sedibus,
1023 1315 1027 1322 “

228 1409 267 1468 Et
280 1407 357 1487 quod
372 1417 474 1468 natura
488 1405 617 1478 dederat,
632 1405 770 1466 voluisses
784 1405 857 1486 pati,

228 1506 291 1565 Nec
306 1504 386 1570 illam¹
398 1513 533 1584 expertus
545 1523 623 1562 esses
637 1504 855 1576 contumeliam,

229 1604 292 1663 Nec
305 1603 380 1663 hanc
393 1601 538 1682 repulsam
553 1609 605 1660 tua
617 1600 735 1661 sentiret
747 1599 928 1664 calamitas.''

282 1701 302 1760 I
308 1700 477 1762 V.-Caais
485 1720 542 1776 per
556 1700 695 1758 Fluvium
712 1697 837 1758 Carnem
851 1702 971 1760 Ferant.
1025 1751 1028 1761 r

228 1795 820 1874 Arusr‘rrnmeritoproprium,quialienurn
827 1795 979 1875 appetit-
998 1816 1026 1858 ao

228 1895 327 1966 Canis,
342 1913 391 1973 per
406 1893 512 1952 flumen
527 1911 642 1952 carnem
656 1893 726 1952 dum
740 1893 827 1953 ferret
841 1903 956 1964 natans,
1029 1903 1032 1908 ’

229 1991 423 2071 Lympharum
434 1990 463 2048 in
476 1989 594 2068 speculo
604 1988 676 2048 vidit
684 1989 869 2050 simulacrum
881 1999 975 2064 suurn,
1024 2003 1030 2032 ··

228 2088 381 2166 Aliamque
395 2086 524 2166 praedam
539 2087 576 2145 ab
590 2085 646 2145 alio
659 2085 774 2165 perferri
788 2097 905 2164 putans,

229 2185 345 2266 Eripere
358 2184 470 2246 voluit:
492 2202 589 2242 verum
604 2181 727 2261 decepta
741 2182 876 2254 aviditas,
980 2243 982 2250 ,

230 2283 279 2354 Εῑ,
293 2301 379 2362 quem
393 2281 520 2352 tenebat,
533 2298 582 2338 ore
596 2278 712 2348 demisit
724 2277 832 2350 cibum,
1000 2299 1030 2347 ss

231 2381 305 2453 Nec,
320 2399 405 2461 quern
418 2378 544 2458 petebat,
558 2375 654 2456 potuit
668 2375 741 2435 adeo
755 2375 907 2454 attingere.

345 2479 419 2536 V.-
427 2477 533 2546 Vacca,
553 2474 689 2551 Capella,
707 2474 788 2546 Ovis,
802 2483 832 2533 et
845 2475 913 2534 Leo.

232 2575 406 2640 Nnnannu
423 2583 467 2632 est
478 2571 570 2630 fidelis
582 2589 651 2630 cnm
664 2579 783 2650 potente
797 2569 940 2631 societas:
1027 2595 1034 2614 ³

229 2673 363 2732 Testatur
375 2671 439 2730 haec
452 2668 559 2729 labella
573 2667 750 2748 propositum
764 2685 901 2726 meum—

271 2771 382 2842 Vacca,
395 2777 425 2827 et
436 2765 558 2845 capella,
573 2776 602 2825 et
615 2764 727 2844 patiens
741 2763 802 2824 ovis
817 2763 940 2844 injuriae,
1023 2779 1028 2784 ·

232 2867 309 2928 Socii
322 2865 401 2925 fuere
414 2884 480 2923 cunr
496 2862 578 2921 leone
591 2860 768 2921 insultibus.
1001 2884 1029 2924 aa
1090 2869 1093 2874 ‘

234 2964 275 3024 Hi
287 2983 354 3023 cum
368 2961 512 3040 cepissent
524 2978 639 3018 cervum
652 2958 725 3018 vasti
739 2957 874 3037 corporis,

233 3057 283 3120 Sic
297 3069 341 3119 est
352 3058 479 3130 locutus,
490 3055 619 3136 partibus
631 3054 726 3128 factis,
739 3053 795 3128 lea,

264 3173 286 3204 ⁸⁴
304 3173 398 3223 Tristem
408 3170 497 3235 mam]
509 3170 555 3221 ie.
564 3166 777 3236 turpitudinis—²⁸
793 3168 835 3219 Al.
849 3168 924 3220 ‘adeo
935 3167 1030 3235 patuit.⁹
