2286 3696
364 241 632 289 martenesiae.
854 225 900 286 aa

96 373 237 434 Adfectus
251 373 380 453 proprios
394 374 424 432 in
439 372 561 434 fabellas
574 373 732 445 transtulit,

96 471 337 548 Calumniamque
350 470 425 530 fictis
439 471 620 550 elusit-jocis.

98 568 162 646 Ego
175 567 251 626 illius
264 587 346 648 porro
361 568 462 627 semita
474 567 531 626 ieci
545 567 632 640 viem,
654 609 656 614 -
856 589 893 630 nr

21 713 25 720 .
98 665 137 726 Et
150 664 273 743 cogitavi
284 665 375 744 plura,
390 683 477 742 quam
491 663 654 741 reliquerat,

98 762 133 819 ln
148 761 339 822 calamitatem
355 761 632 839 deligensqueedam
645 779 749 823 meam.

100 857 188 926 Quod
202 859 225 916 si
239 868 389 918 accusator
402 858 475 918 alius
488 858 596 938 Sejano
611 857 693 930 foret,

99 955 131 1015 Si
143 956 226 1015 testis
238 956 322 1027 alius,
334 955 427 1035 judex
440 955 514 1015 alius
527 954 664 1033 denique,

99 1051 229 1130 Dignum
243 1051 346 1112 faterer
358 1068 420 1112 esse
432 1071 479 1112 me
491 1051 580 1111 tantis
593 1051 686 1125 malis,
855 1075 893 1112 ern

99 1147 163 1209 Nec
177 1149 222 1208 his
235 1148 362 1209 dolorem
375 1149 531 1209 delenirem
544 1149 686 1209 remediis·

98 1245 306 1326 suspiciosae
320 1246 385 1326 quis
398 1245 501 1306 errabit
515 1264 577 1319 sua,

100 1342 140 1401 Et
152 1347 243 1422 rapiet
256 1343 293 1402 ad
308 1363 349 1416 se,
362 1342 446 1422 quodv
454 1342 507 1420 erit
520 1361 673 1402 commune
682 1342 825 1415 omnium,

99 1440 194 1499 Stulte
207 1439 331 1500 nudabit
344 1440 431 1500 animi
445 1439 659 1500 conscientiam.
762 1440 764 1448 ’

101 1537 178 1597 Huic
190 1547 359 1598 excusatum
373 1557 418 1596 me
430 1537 515 1596 velim
529 1537 724 1596 nihilominus.
854 1558 893 1597 ree

99 1634 202 1713 Neque
216 1635 292 1695 enirn
308 1645 406 1695 notare
419 1633 547 1712 singulos
561 1653 642 1694 mens
655 1644 700 1694 est
710 1633 790 1705 mihi,
885 1675 890 1682 -

98 1731 207 1791 Verum
218 1731 310 1810 ipsam
319 1732 418 1803 vitam,
430 1740 460 1790 et
470 1750 562 1790 mores
572 1729 890 1802 hominurnostendere.

98 1827 174 1887 Rem
188 1847 234 1887 me
247 1827 405 1908 professum
419 1827 497 1886 dicet
508 1827 583 1886 forte
598 1827 702 1906 aliquis
714 1845 839 1906 gravem.

97 1925 130 1984 si
145 1924 244 2005 Phryx
259 1927 383 2003 AEsopus
397 1924 501 2004 potuit,
513 1923 687 2005 Anacharsis
701 1924 813 2006 Scytha

98 2024 247 2082 AEternam
260 2021 367 2082 samam
382 2021 506 2100 condere
519 2021 633 2100 ingenio
647 2040 699 2081 suo
713 2041 720 2081 :
804 2019 807 2024 ’
854 2043 893 2088 590

98 2119 174 2196 Ego,
188 2119 308 2178 literatae
322 2118 448 2198 quisunt
460 2119 576 2197 propior
588 2117 723 2189 Graeciae,

96 2215 157 2274 Cur
169 2234 271 2275 somno
284 2215 367 2275 inerti
380 2215 509 2275 deseram
521 2215 621 2294 patriae
636 2214 747 2274 decus?

96 2313 230 2373 Threissa
243 2331 334 2391 quum
347 2331 418 2390 gens
431 2322 562 2380 numeret
573 2321 704 2372 auctores
718 2330 795 2384 suos,

96 2409 227 2489 linoque
241 2410 345 2490 Apollo
360 2410 399 2469 sit
410 2427 523 2490 parens,
540 2410 627 2468 Musa
641 2409 770 2488 Orpheo,

98 2506 159 2574 Qui
174 2526 245 2568 saxa
257 2517 344 2566 cantu
360 2506 457 2579 movit,
473 2513 503 2566 et
516 2506 628 2566 domuit
640 2505 724 2578 feras,
854 2525 893 2570 ms

97 2603 246 2682 Hebrique
260 2603 354 2663 tenuit
366 2604 492 2682 impetus
502 2601 581 2662 dulci
595 2620 689 2686 mora.¹

96 2700 176 2780 Ergo
189 2700 261 2762 hinc,
271 2702 380 2774 abesto,
396 2700 489 2773 Livor,
502 2720 539 2759 ne
552 2699 656 2759 frustra
669 2717 768 2776 gemas
780 2719 792 2786 z¹
885 2743 887 2750 Α

96 2797 244 2866 Quoniam
257 2798 328 2857 mihi
342 2797 476 2858 solemnis
490 2796 611 2855 debetur
624 2793 723 2874 gloria.

95 2894 202 2957 induxi
216 2905 246 2955 te
260 2896 297 2956 ad
311 2895 487 2974 legendum:
510 2894 651 2954 sincerum
663 2892 734 2952 mihi

125 3041 169 3106 677]
187 3049 204 3071 “
214 3043 339 3092 Nonnulla
346 3042 469 3108 applicans
479 3040 510 3090 cd
524 3039 589 3090 mala
602 3057 656 3106 quae
667 3055 711 3104 ego
722 3055 805 3104 passus
816 3043 894 3088 sum.”

92 3119 291 3184 Gnoson-⁸⁷⁸]
306 3120 332 3170 si
354 3136 401 3169 non
423 3119 524 3185 Sejanus
546 3125 667 3168 accusator
689 3117 757 3173 toret,
778 3117 843 3164 testis
867 3124 892 3163 et

92 3197 180 3265 pariter
187 3197 270 3263 judex.
