2298 3684
360 263 461 306 arana
477 267 631 312 ournrus.
853 251 888 308 61

100 395 208 454 Laetare
222 393 371 454 incolumis
385 395 480 454 Roma
494 394 571 455 salvo
586 395 729 474 Principe.

99 494 131 550 ln
145 490 264 571 plausus
278 503 491 552 consurrectum
506 503 570 561 est;
590 494 683 574 jactat
696 493 777 552 basia
841 515 892 553 5555

95 588 224 660 Tibicen,
238 589 374 666 gratulari
390 589 515 650 fautores
530 600 623 669 putat.

100 685 238 764 Equester
251 687 321 745 ordo
335 687 454 746 stultum
469 707 589 746 errorem
604 687 755 766 inteiligit:

98 781 263 862 Magnoque
277 783 335 843 risu
349 784 495 843 canticum
510 784 598 862 repeti
607 784 701 863 jubet.

99 880 218 938 Iteratur
232 880 313 940 illud.
357 879 452 938 Homo
466 899 547 938 meus
560 900 590 940 se
606 880 634 939 in
649 880 760 961 pulpito

96 976 200 1036 Totum
214 977 381 1056 prosternit;
403 977 516 1055 plaudit
528 977 651 1036 illudens
666 999 774 1058 eques:
843 1000 892 1038 5555

98 1073 212 1153 Rogare
225 1074 350 1154 populus
364 1074 441 1133 hunc
453 1093 589 1134 coronam
604 1075 759 1136 existimat.

99 1172 139 1230 Ut
150 1191 216 1230 vero
229 1173 326 1232 cuneis
340 1172 434 1232 notuit
446 1192 492 1231 res
503 1172 647 1244 omnibus,

100 1267 237 1347 Princeps
250 1268 338 1347 ligato
351 1289 432 1330 crure
447 1269 529 1328 nivea
543 1269 642 1341 fascia,

99 1367 256 1445 Niveisque
270 1366 385 1438 tunicis,
401 1366 489 1426 niveis
504 1366 590 1425 etiam
605 1367 722 1438 calceis,

100 1460 275 1540 Superbiens
290 1461 396 1519 honore
411 1460 516 1519 divinae
530 1461 644 1531 domus,
847 1483 896 1522 rsao

99 1560 146 1618 Ab
159 1558 296 1618 universis
309 1558 402 1636 capite
417 1566 460 1616 est
472 1567 621 1636 protrusus
634 1557 720 1618 foras.

302 1657 385 1714 VIII
386 1689 434 1714 .-
440 1655 560 1714 Occasio
574 1657 699 1732 depicta.

103 1753 219 1811 Consu
232 1751 340 1811 volucri
354 1751 484 1831 pendens
499 1751 528 1809 in
542 1752 695 1824 novacula,

99 1851 217 1922 Calvus,
232 1869 348 1908 comosa
360 1849 464 1920 fronte,
478 1849 557 1908 nudo
570 1869 699 1929 corpore,

101 1947 197 2014 Quem
212 1947 235 2005 si
249 1947 408 2025 occuparis,
424 1957 541 2015 teneas;
564 1945 692 2026 elapsum
707 1947 796 2006 semel

101 2045 169 2103 Non
183 2044 244 2123 ipsa
258 2044 347 2123 possit
361 2043 474 2122 Jupiter
488 2043 714 2121 reprehendara3
848 2065 897 2104 152⁵

101 2141 292 2201 Occasionem
307 2161 397 2200 rerum
414 2140 558 2218 significat
572 2141 695 2200 brevem.

100 2237 232 2297 Effectus
244 2238 394 2316 impediret
407 2257 444 2296 ne
458 2238 553 2315 segnis
567 2258 657 2310 mora,

101 2335 224 2394 Finxere
239 2335 349 2412 antiqui
364 2334 451 2394 talem
465 2335 591 2412 effigiem
604 2336 763 2415 Temporis,

297 2433 517 2490 IX.-·Taurns
532 2443 561 2491 et
582 2434 708 2492 Vitulns.

100 2530 257 2588 Anousro
272 2529 300 2588 in
316 2528 395 2588 aditu
409 2531 520 2588 'saurus
535 2530 647 2588 luctans
662 2529 806 2601 cornibus,

101 2627 204 2695 Quum
218 2627 265 2685 rix
279 2627 382 2686 intrare
394 2636 492 2705 posset
506 2627 542 2685 ad
558 2626 708 2706 praesepia,
849 2650 899 2686 5555

101 2725 288 2784 Monstrabat
302 2723 419 2799 Vituius
432 2743 491 2803 quo
506 2743 536 2782 sa
549 2733 636 2802 pacto
651 2724 807 2803 plecteret:

97 2823 189 2893 Tace,
204 2822 307 2900 inquit,
323 2822 459 2881 antehoc
475 2822 552 2894 novi,
567 2842 654 2899 quam
669 2832 702 2881 tu
717 2832 802 2882 natus
816 2842 856 2882 es.

140 2919 201 2988 Qui
213 2919 369 2980 doctiorem
382 2919 527 2995 emendat,
542 2919 595 2979 sibi
609 2919 666 2978 dici
682 2930 774 2998 putet.

312 3017 394 3075 X.-
402 3020 528 3076 Venator
543 3027 571 3076 et
589 3018 690 3076 Canis.

99 3115 278 3176 Anvussus
292 3135 394 3174 omnes
408 3115 488 3174 fortis
503 3115 614 3174 veiocas
628 3115 702 3174 ieras

100 3213 196 3272 Canis
209 3233 301 3291 quum
316 3213 434 3273 domino
448 3233 563 3292 semper
577 3213 691 3273 fecisset
705 3214 784 3284 satis,
849 3227 899 3270 5555
