2298 3684
290 269 463 309 Auernum
478 268 696 310 runnuununr.
844 249 882 313 67

87 394 169 465 Quid
183 415 229 455 rne
242 395 380 468 futurum,
396 395 482 475 siper
496 394 537 454 illi
552 395 645 455 fecero

88 492 239 565 Officium,
252 492 343 552 multo
357 492 408 572 qui
422 512 486 554 sum
500 492 599 552 melior
612 481 668 552 hoc
681 511 764 564 cane,

90 590 249 668 Rebusque
262 589 391 668 pluribus
405 587 482 648 utilis
495 599 524 648 et
538 589 691 648 laudabilis
703 610 711 658 ;

90 686 162 744 Alor
176 687 226 763 qui
240 685 490 746 sanctoe'fontibus
503 685 692 764 puris'aquae,

91 783 225 861 (liboque
240 803 388 862 nunquam
403 785 479 842 soleo
493 783 571 862 pasci
586 783 725 842 sordidol
837 797 887 842 roto

93 881 166 940 Sum
182 899 250 940 sane
264 879 360 940 catulo
375 878 488 958 dignior
501 879 560 938 vita
573 878 630 938 frui

93 977 237 1050 Beatiore,
250 978 389 1038 honorem
402 986 432 1036 et
446 987 590 1040 summum
604 976 769 1055 consequi.'’

92 1074 209 1136 Asellus
222 1075 286 1134 heec
299 1074 369 1136 dum
383 1094 491 1147 secum,
505 1074 650 1134 stabulum
664 1074 805 1154 conspicit

93 1172 205 1230 Intrare
218 1171 383 1240 dominum
406 1190 495 1251 quere
510 1191 661 1232 accurrens
674 1174 754 1232 ocius

96 1267 275 1347 Rudensque
289 1268 408 1347 prosilit,
423 1278 452 1328 et
465 1268 589 1329 humeris
604 1271 704 1329 ambos
718 1269 805 1350 pedes
840 1285 891 1328 roos

95 1364 234 1443 Inponit,
246 1384 336 1443 osque
350 1365 450 1444 lingua
463 1365 552 1445 coepit
565 1366 684 1444 lingere,

96 1461 274 1540 Vestemque
287 1462 368 1522 loedis
382 1462 516 1522 scindens
531 1462 657 1540 ungulis,
672 1462 750 1540 gravi

97 1559 209 1619 Herum
224 1559 338 1638 fatigat,
352 1559 439 1620 stulte
452 1559 587 1632 blandus,
603 1560 739 1638 pondere.

97 1655 233 1715 Clamore
248 1656 356 1715 domini
367 1656 532 1716 concitatur
545 1656 665 1730 familia,

97 1753 259 1832 Fustesque
273 1762 303 1812 et
316 1773 387 1836 sexu
400 1753 508 1833 passim
522 1753 667 1831 adripiens
680 1753 766 1812 obvie
842 1767 893 1816 1670

99 1848 265 1909 Rudentem
279 1850 398 1922 mulcet,
412 1861 442 1910 et
456 1869 522 1909 mox
536 1851 670 1910 membris
683 1849 807 1910 debilem

98 1946 268 2026 Fractisque
282 1948 372 2020 coxis,
388 1946 498 2006 domini
512 1947 623 2025 lapsum
638 1967 657 2006 a
669 1967 797 2028 corpore,

99 2042 307 2108 Semianimum
321 2043 440 2104 tandem
453 2043 553 2124 dejicit
566 2043 604 2103 ad
618 2045 768 2124 preesepiu.

141 2140 270 2214 Fabella,
286 2141 400 2220 ineptus
414 2161 450 2201 ne
465 2161 495 2200 se
510 2140 604 2200 invitis
617 2141 729 2220 ingerat
898 2201 900 2205 .

101 2236 231 2296 Melioris
245 2247 296 2297 aut
310 2237 426 2298 affectet
440 2237 578 2309 officium,
592 2237 687 2300 docet.
844 2254 895 2303 rus

231 2335 423 2408 XL—Grus,
443 2336 551 2395 Cornix
566 2345 595 2395 et
609 2338 763 2396 Dominus.

102 2433 221 2492 Funus
231 2431 337 2511 juratus
351 2430 429 2492 Grus
442 2442 471 2492 et
484 2432 593 2491 Cornix
601 2431 770 2511 junxerant,

102 2529 256 2589 Cornicem
270 2528 347 2587 Grus
361 2529 510 2590 uberibus
523 2538 557 2588 ut
569 2528 739 2588 defenderet
750 2550 758 2598 ;

102 2625 212 2686 Cornix
225 2626 332 2699 lutura,
346 2635 379 2685 ut
390 2626 469 2686 Grus
479 2635 602 2698 caveret,
616 2624 733 2685 diceret.

104 2724 183 2783 Hinc
197 2744 287 2802 quum
300 2722 462 2802 frequenter
476 2723 514 2782 ad
527 2722 680 2803 cujusdem
692 2722 790 2783 rustici

102 2821 215 2900 Agrum
229 2820 368 2894 volarent,
383 2830 470 2899 utque
484 2819 637 2880 evellerent
649 2829 713 2880 seta
848 2835 899 2880 roeo

104 2917 269 2992 Redicitus,
284 2918 344 2996 agri
353 2919 492 2978 »dominus
504 2917 586 2990 vidit,
600 2926 631 2976 et
642 2916 760 2990 dolens3

102 3021 124 3052 “
135 3016 247 3076 Saxum
260 3015 328 3087 da‚’'
343 3015 461 3089 clamet,
471 3020 490 3050 “
501 3034 559 3094 quo
568 3014 669 3075 leriam
680 3035 790 3094 gruem,
799 3015 898 3094 puer.'’

137 3151 178 3184 ΙΝ
200 3153 263 3208 outo
282 3171 316 3203 mo
326 3153 454 3222 ficturum]
474 3153 537 3214 Quid
558 3160 640 3222 putem
660 3170 698 3205 me
715 3154 819 3204 futurum
839 3167 899 3204 esse.

104 3231 168 3300 (vid.
180 3249 203 3282 v.
216 3233 301 3296 mor.)
