2286 3696
223 203 265 288 ld
335 243 470 286 numum
486 239 694 284 sssucsnuu
711 243 909 286 nsonrsnusr

266 367 332 431 Hac
346 390 375 431 re
388 370 483 430 videre
495 379 593 430 nostra
606 370 684 430 mala
697 389 755 430 non
770 378 941 449 possumus:

226 465 283 528 Alii
297 468 382 528 simul
396 467 579 545 delinquunt,
594 485 726 528 censores
741 487 852 528 sumus.
971 487 1026 525 uso

410 565 440 624 X
442 567 556 628 .-Fur
570 567 839 642 oromicompilons.

227 659 413 722 Lucanusru
429 662 476 722 fur
489 661 622 722 accendit
636 682 671 722 ex
687 681 735 724 ara
749 662 840 735 Jovis,

227 757 384 838 Ipsumque
398 758 564 839 compilavit
577 758 614 818 ad
628 759 726 818 lumen
741 779 847 827 suum;

228 853 359 916 Onustus
374 855 423 935 qui
437 856 587 934 sacrilegio
601 875 692 934 quum
707 855 877 928 discederet,

229 951 359 1032 Repente
374 972 472 1012 vocem
487 963 587 1014 sancta
602 952 678 1011 misit
693 952 810 1031 religio:

227 1053 248 1106 ‘t
266 1048 411 1110 Malorum
425 1050 556 1129 quamvis
569 1049 742 1132 istafuerint
757 1067 898 1121 muneras
973 1050 1031 1107 rrrs'

230 1145 361 1226 Mihique
377 1145 477 1217 invisa,
492 1156 595 1206 utnon
610 1146 739 1206 offendar
753 1145 872 1225 subripi,

227 1239 347 1314 Tamen,
362 1243 492 1315 sceleste,
506 1241 605 1322 spiritu
619 1243 737 1322 culpam
750 1242 823 1316 lues,
835 1251 837 1254 '

229 1338 307 1399 Olim
323 1361 412 1418 quum
427 1340 588 1419 adscriptus
601 1341 709 1400 venerit
722 1360 817 1418 poeuae
832 1339 919 1410 dies„
951 1373 957 1382 .

229 1437 289 1496 Sed
304 1457 339 1497 ne
354 1437 427 1516 ignis
442 1446 538 1498 noster
549 1437 669 1498 facinori
683 1437 850 1516 praeluceat,

230 1532 287 1594 Per
299 1554 385 1612 quom
400 1535 539 1594 verendos
553 1534 661 1595 excolit
674 1533 766 1612 pietus
782 1534 872 1605 Deos,
974 1555 1028 1592 uso

230 1629 305 1690 Veto
319 1650 380 1692 esse
393 1631 451 1692 tale
465 1631 581 1692 luminis
595 1631 810 1691 commercium.

230 1727 276 1788 Ita
289 1727 374 1788 hodie
388 1748 440 1790 nec
455 1730 601 1790 lucernam
615 1728 652 1788 de'
665 1729 783 1788 flemma
798 1728 906 1800 Deum,

231 1823 296 1884 Nec
310 1825 346 1885 de
360 1826 477 1886 lucerna
491 1826 534 1885 sas
547 1835 591 1885 est
604 1825 724 1885 accendi
737 1824 881 1886 sacrum.”

270 1921 350 1989 Quot
361 1943 405 1982 res
417 1923 565 1982 contineat
578 1922 633 1982 hoc
647 1932 849 2000 argumentum
863 1920 958 1993 utiles,

231 2019 299 2079 Non
312 2022 468 2100 explicabit
482 2022 554 2082 alius
566 2041 653 2100 quam
666 2022 717 2100 qui
732 2020 865 2100 repperit.
975 2039 1026 2078 uss

230 2115 384 2196 Significat
396 2119 497 2199 primo,
512 2139 601 2199 saepe,
616 2138 689 2197 quos
703 2119 763 2199 ipse
778 2116 893 2191 alueris,

230 2213 294 2274 Tibi
309 2215 428 2276 inveniri
441 2217 566 2276 maxime
580 2215 746 2275 contrarios.

232 2313 368 2374 Secundo
382 2315 518 2389 ostendit,
532 2316 639 2375 scelera
653 2335 711 2374 uon
727 2315 768 2374 ira
783 2315 889 2387 Dellm,

232 2411 369 2471 Fatorum
385 2413 463 2472 dicto
477 2413 527 2473 sed
541 2413 635 2493 puniri
650 2423 787 2493 tempore.

167 2503 171 2510 “
234 2506 394 2569 Novissime
409 2509 553 2570 interdicit
566 2531 603 2570 ne
617 2529 685 2568 cum
699 2509 829 2568 malefico
980 2509 1031 2565 srso'

234 2607 325 2666 Usum
340 2608 434 2667 bonus
448 2608 594 2668 consociet
607 2608 693 2667 ullius
706 2606 753 2665 rei.

414 2703 465 2763 XI
465 2706 620 2763 .—-Molas
633 2725 693 2762 esse
709 2704 855 2766 Divitias„

235 2799 320 2860 Orus
335 2801 434 2860 invisae
449 2801 549 2860 merito
564 2810 633 2860 sunt
646 2800 712 2860 lorti
724 2799 796 2872 viro,

235 2896 313 2964 Quia
325 2897 404 2956 dives
418 2917 484 2956 arca
498 2917 592 2958 veram
608 2896 724 2956 laudem
741 2893 894 2973 intercipit.

276 2993 358 3052 Coelo
373 3004 503 3072 receptus
516 3006 631 3074 propter
643 2995 775 3052 virtutem
791 2989 941 3062 Hercules,

236 3090 334 3158 Quum
349 3091 526 3170 gratulantes
541 3088 745 3170 persalutasset
761 3090 850 3158 Deos,
983 3107 1035 3144 nes

235 3183 378 3246 Veniente
392 3187 490 3259 Plut0,
504 3187 555 3266 qui
569 3187 693 3246 fortunus
707 3195 751 3244 est
764 3185 850 3256 filius,
