2286 3696
234 231 272 288 52
345 248 479 288 PHAEDRI
498 247 707 288 renuuntur!
722 245 918 286 mortanum

236 377 275 434 Hi
291 395 388 447 zonas,
404 375 445 434 iili
459 395 503 434 res
517 376 656 455 pretiosas
668 375 822 454 colligunt,
987 393 1034 431 nau

235 473 403 532 Subsidium
416 473 495 532 vitae.
536 473 665 541 Quidam
680 472 826 543 curiosior,

236 577 255 603 “
272 571 432 640 Simonide,
447 582 480 629 tu
494 591 529 629 ex
545 572 650 649 opibus
663 570 703 628 nil
719 571 808 629 sumis
821 569 878 627 tuis
890 567 921 627 ?”

237 673 256 701 “
272 667 420 740 Mecum,'’
436 668 540 745 inquit,
556 677 576 702 “
593 687 657 727 mea
669 678 737 726 sunt
751 665 887 726 cuncta.”
925 663 1011 724 'l'un'c
1113 716 1114 722 ,

358 764 444 843 pauci
461 775 592 836 enatant,

239 860 317 928 Quia
329 861 424 941 plnres
438 881 524 920 onere
539 861 687 940 degravati
701 861 855 940 perierunt.

239 957 397 1017 Praedones
410 959 528 1030 adsunt,
541 960 657 1038 rapiunt
669 959 749 1038 quod
763 959 886 1039 quisque
900 957 1016 1029 extulit,

241 1054 344 1114 Nudos
357 1055 533 1134 relinquunt.
577 1056 662 1114 Forte
676 1056 849 1114 Clazomene
862 1073 951 1133 prope

241 1153 371 1231 Antiqua
384 1153 441 1212 fuit
455 1157 533 1224 urbs,
547 1173 634 1231 quam
649 1154 791 1232 petierunt
805 1153 947 1231 naufragi.

243 1249 300 1306 Hic
314 1249 459 1309 literarum
473 1249 592 1329 quidam
606 1251 703 1310 studio
717 1250 845 1323 deditus,

243 1348 399 1408 Simonidis
413 1349 463 1428 qni
477 1370 555 1429 saepe
568 1369 666 1409 versus
680 1350 797 1428 legerat,

244 1445 372 1525 Eratque
387 1447 513 1506 absentis
526 1447 683 1507 admirator
696 1447 851 1516 maximus,
990 1431 1043 1510 raon

245 1543 382 1602 Sermone
395 1546 432 1603 ab
448 1544 510 1622 ipso
524 1545 684 1622 cognitum,
698 1544 882 1622 cupidissime

245 1640 291 1698 Ad
306 1661 337 1700 se
351 1641 476 1720 recepit;
498 1651 587 1712 veste,
602 1643 738 1712 nummis,
752 1641 860 1699 familia

247 1737 400 1797 Hominem
415 1737 582 1796 exornavit:
604 1741 700 1796 caeteri
714 1739 843 1796 tabulam
858 1757 940 1796 suam
1020 1813 1023 1822 ι

247 1836 378 1905 Portant,
392 1844 527 1912 rogantes
540 1834 647 1894 victum
662 1857 671 1903 3
693 1854 766 1912 quos
780 1855 848 1894 casu
861 1834 961 1892 obvius

247 1930 411 1990 Simonides
425 1940 458 1989 ut
471 1931 564 1991 viditt
586 1940 606 1966 “
625 1932 723 2003 Dixi,’'
737 1932 843 2012 inquit,
856 1939 876 1965 “
892 1951 956 1990 mea
993 1953 1044 1997 rans

249 2028 366 2088 Mecum
381 2047 444 2088 esse
456 2040 580 2098 cuncta;
603 2049 653 2088 vos
667 2029 746 2108 quod
761 2029 905 2108 rapuistis,
923 2029 1030 2107 perit.''

442 2126 524 2184 XXI
526 2131 661 2186 .-Mons
670 2130 852 2204 parturiens.

251 2222 346 2282 Mons
361 2223 529 2302 parturibat,
545 2224 669 2301 gemitus
682 2226 820 2283 immanes
835 2223 931 2290 ciens:

252 2322 379 2400 Eratque
393 2322 422 2379 in
436 2323 518 2380 terris
533 2323 660 2380 maxima
674 2322 861 2401 exspectatio.

254 2419 292 2479 At
305 2418 351 2477 iile
366 2438 474 2477 murem
490 2419 610 2498 peperit.
652 2419 718 2478 Hoc
733 2420 869 2498 scriptum
883 2419 1003 2491 esttibi,

253 2516 443 2595 Qui‚·magna
458 2535 547 2594 quum
562 2517 689 2588 minaris,
703 2518 825 2576 extricas
839 2516 919 2577 nihil.
997 2539 1049 2577 rom

420 2615 706 2674 XXII.-Formica
721 2624 750 2672 et
767 2617 883 2674 Musca.

254 2711 401 2769 Fouurcr
417 2722 446 2770 et
458 2710 563 2771 Musca
575 2711 791 2774 contendebant
806 2712 916 2782 acriter,

255 2803 330 2871 Quae
346 2803 433 2881 pluris
447 2814 529 2864 esset.
573 2804 677 2863 Musca
691 2805 731 2864 sic
746 2805 833 2883 coepit
846 2805 939 2883 prior:

255 2909 274 2935 “
289 2900 425 2960 Conferre
438 2901 540 2960 nostris
552 2912 585 2961 tu
600 2913 681 2981 potes
695 2912 724 2960 te
738 2902 894 2962 laudibus?

258 2998 314 3059 Ubi
327 2998 501 3070 immolatur,
516 3010 584 3058 exta
597 3010 743 3078 praegusto
759 3001 865 3060 Dedm.

434 3199 473 3229 ¹³⁰⁰
490 3198 606 3262 Ertricor]
617 3200 747 3265 exequeris,
759 3199 861 3266 perficis.
