2286 3696
250 239 288 298 36
356 254 493 295 rumoni
510 253 719 298 eauuuauuu
737 251 933 295 nsorrrnuu

250 382 299 442 Sic
313 381 376 440 viva
391 381 468 459 quod
483 377 613 457 negarat,
628 378 727 438 tribuit
742 389 865 438 mortua.

355 480 385 536 X
392 478 632 550 VIR-Arbores
645 479 676 534 iu
690 478 821 536 Deorum
836 477 943 538 tutela.
995 527 997 534 ,

251 577 338 636 Ourn
351 595 425 654 quas
439 574 544 634 vellent
557 593 618 632 esse
632 573 662 632 in
674 572 766 632 tutela
780 591 843 643 sua,
920 647 923 656 Ι

252 675 319 742 Divi
332 674 464 751 legerunt
476 672 603 746 arbores,
643 670 775 738 Quercus
788 671 806 729 J
809 670 865 742 ovi,

252 773 291 830 Et
307 772 420 851 Myrtus
435 769 539 828 Veneri
554 768 673 847 placuit,
691 767 803 826 Phoebo
818 769 939 838 Laurea,
995 795 997 802 ¹

251 868 342 926 Pinus
357 867 496 947 Cybebae,
512 865 643 944 Populus
656 865 734 924 celsa
750 864 886 932 Herculi;

251 966 384 1025 Minerva
398 964 553 1035 admirans,
568 983 657 1042 quare
671 962 781 1022 steriles
796 971 951 1033 sumerent,
1043 1015 1047 1024 .

251 1061 453 1140 Interrogavit,
491 1062 618 1120 Causam
633 1060 708 1119 dixit
722 1058 855 1137 Jupiter;
1009 1081 1050 1122 sio

251 1166 270 1194 ‘⁴
286 1160 414 1230 Honore,
429 1158 555 1217 fructum
571 1177 608 1216 ne
622 1157 770 1216 videamur
782 1156 934 1215 vendere.”

249 1263 269 1292 “
286 1257 336 1328 At,
352 1256 523 1326 mehercule,
538 1255 675 1324 narrabit,
690 1254 848 1332 quodquis
861 1253 991 1323 voluerit,

251 1354 336 1414 Oliva
351 1353 433 1412 nobis
448 1363 565 1432 propter
577 1352 702 1411 fructum
718 1361 762 1412 est
776 1351 911 1430 gration'?

249 1452 333 1511 Tunc
347 1451 387 1510 sie
403 1451 530 1516 Deorum
545 1449 666 1526 genitor,
682 1457 768 1526 atque
779 1448 928 1507 hominum
943 1457 1022 1508 sator
1031 1449 1050 1507 ι’

251 1555 271 1583 “
288 1549 315 1608 Ο
331 1559 411 1620 nata,
426 1547 526 1608 merito
541 1546 655 1624 sapiens
668 1546 763 1605 dicere
776 1545 927 1604 omnibus:
1008 1535 1050 1607 sis

251 1646 315 1705 Nisi
330 1645 399 1705 utile
413 1656 457 1705 est
471 1643 549 1723 quod
564 1643 696 1711 facimus,
712 1641 803 1701 stulta
816 1652 860 1701 est
873 1642 993 1720 gloria.'’
1042 1695 1046 1702 .

250 1743 330 1805 Nihil
345 1761 439 1821 agere,
454 1741 533 1821 quod
548 1759 605 1798 non
621 1739 721 1818 prosit,
737 1739 843 1798 labella
858 1740 1003 1799 admonet.
1046 1757 1049 1766 ’

317 1843 347 1899 X
351 1843 431 1902 VIII
432 1843 567 1900 .—-Pauo
580 1841 621 1898 ad
631 1841 776 1902 Junouem
790 1841 825 1898 de
840 1859 905 1898 uoce
918 1859 983 1898 sua.

250 1940 341 1999 Prvo
356 1939 392 1999 ad
408 1940 554 1998 lunonem
569 1937 658 2008 venit,
673 1937 791 2014 indigne
805 1936 909 2008 ferens,

249 2037 361 2096 Cantus
375 2035 487 2096 luscinii
502 2034 580 2113 quod
595 2034 649 2093 sibi
664 2053 721 2092 non
735 2033 881 2093 tribuerit:

249 2132 335 2192 Illum
351 2153 412 2192 esse
426 2132 537 2191 cunctis
552 2132 668 2191 auribus
683 2130 891 2200 admirabilem,
1005 2153 1046 2188 eso

249 2231 288 2300 Se
303 2230 435 2301 derideri,
450 2229 535 2288 simul
549 2249 584 2288 ac
597 2248 698 2287 vocem
713 2228 830 2287 miserit.

247 2328 341 2398 Tunc,
356 2327 523 2386 consolandi
539 2326 640 2403 gratia,
653 2325 728 2385 dixit
743 2325 827 2384 Dea:

247 2433 268 2461 “
285 2427 344 2486 Sed
359 2423 563 2497 sormaviucis,
579 2423 668 2483 vincis
682 2422 893 2500 magnitudine,

251 2521 336 2582 Nitor
348 2521 492 2600 smaragdi
505 2521 580 2579 collo
595 2519 750 2600 praefulget
764 2527 829 2591 tuo,¹

250 2619 398 2698 Pictisque
412 2619 518 2699 plumis
532 2636 690 2696 gemmeam
706 2615 830 2678 caudam
845 2615 1048 2694 explicas.”ess

251 2725 270 2752 ‘⁶
287 2717 354 2785 Quo
369 2717 438 2790 mi,”
453 2716 557 2796 inquit,
572 2722 592 2750 “
608 2724 719 2774 mutam
732 2713 867 2792 speciem,
883 2712 906 2772 si
920 2712 1020 2771 vincor

371 2813 482 2878 sonoi”

248 2918 268 2946 “
284 2911 420 2970 Fatorum
436 2909 551 2968 arbitrio
563 2917 658 2988 partes
672 2914 740 2968 sunt
755 2907 840 2968 vobis
854 2905 942 2966 datae.
1042 2921 1045 2929 ·

280 3068 311 3100 θ’
338 3065 478 3129 Mehercule]
501 3069 539 3116 Ita
561 3081 598 3114 me
620 3074 695 3114 servet
718 3063 917 3130 Hercules-⁰³
946 3063 1043 3128 Dicere]

248 3143 402 3200 diceris-⁸⁸⁶
420 3145 470 3199 Quo
484 3147 525 3208 mi,
541 3143 593 3206 bre]
613 3144 693 3200 Quare
706 3141 764 3190 mihi
780 3141 865 3191 dedisti
882 3147 971 3191 mutam
990 3141 1047 3207 pul-

248 3221 414 3278 chritudinem,
426 3219 446 3269 si
457 3236 513 3270 voce
524 3219 620 3268 inferior
630 3220 700 3267 sumi
