2298 3684
355 253 510 292 nonnanis
527 252 629 292 uovn.
852 225 887 293 8¹1

124 380 241 446 scriptura
252 389 356 430 correcta
369 381 401 430 ab
415 380 502 432 editore
518 389 562 439 cst,
579 380 640 430 hanc
652 381 714 446 typis
725 377 833 438 cursivis.
846 381 891 432 lroc

124 467 162 506 est
179 457 279 516 Italicis,
295 468 323 506 ut
340 457 416 514 aiunt,
433 459 517 508 excudi
534 457 694 510 curavimus.”
728 460 754 508 J.
769 460 800 508 Β.
812 460 891 524 Gna

126 540 189 596 Quae
203 530 257 587 ciun
275 538 308 586 ita
321 546 408 593 essent,
420 537 445 586 in
459 539 503 586 hac
520 554 614 604 quoqne
629 537 730 587 editione
747 538 826 586 locum
841 539 892 588 istis

124 615 219 664 labellis
236 632 281 663 non
294 615 387 682 negavi,
403 631 446 665 nec
463 615 515 665 ideo
531 631 603 680 cogor
614 623 642 664 nt
655 631 696 665 eas
712 615 808 665 Phaedri
819 633 891 666 mann

125 693 226 758 scriptas
235 709 285 744 csse
296 701 384 758 putem.

166 978 307 1047 (Nicoloi
321 977 441 1036 Perotti
454 978 494 1035 acl
508 978 660 1054 Pyrrhum
676 977 817 1056 Nepotem
888 1063 890 1072 ,

406 1075 583 1152 Proloyus.)
656 1103 657 1106 ¹

96 1255 170 1314 Nou
187 1263 255 1312 sunt
267 1254 298 1312 hi
312 1253 378 1325 rnei,
391 1273 465 1332 quos
479 1264 574 1332 putas,
589 1255 735 1324 versiculi;
823 1252 825 1256 ’

95 1352 155 1411 Sed
171 1350 271 1430 OEsopi
284 1361 363 1422 sunt,
378 1351 479 1409 Avieni
492 1361 527 1410 ct.
537 1351 663 1422 Phaedri,

96 1450 180 1518 Quos
194 1449 296 1526 collegi
310 1459 343 1508 ut
355 1459 462 1520 esseut,
476 1448 596 1528 Pyrrhe,
612 1449 696 1508 utiles
710 1449 773 1522 tibi,
863 1441 864 1444 ¹

94 1548 215 1624 Tuaque
228 1566 318 1606 cansa
328 1545 434 1624 legeret
447 1545 609 1624 posteritas,

96 1645 179 1712 Quas
193 1642 349 1702 edidissent
362 1643 413 1705 uiri
426 1643 507 1702 docti
522 1643 644 1701 fabulas.

97 1741 209 1800 Honori
223 1751 252 1800 et
265 1741 372 1803 meritis
386 1740 479 1799 dicavi
493 1740 557 1799 illos
570 1741 645 1812 tuis,-

97 1840 184 1917 Saepe
198 1837 352 1898 versiculos
366 1838 550 1916 interponens
564 1857 653 1909 meos,

97 1936 247 2004 Quasdam
262 1936 319 1994 tuis
333 1937 421 2014 quasi·
430 1935 547 1994 insidias
559 1935 685 1995 auribus.
696 1929 697 1935 ἵ

98 2035 161 2093 Hos
174 2041 194 2067 ‘⁴
211 2026 236 2092 si
247 2034 333 2112 leges,
349 2033 488 2101 loetabor;
511 2033 554 2091 sin
569 2044 666 2092 autern
680 2034 784 2108 minus,

97 2131 256 2191 Habebunt
270 2142 346 2190 certe
361 2149 419 2210 quo
432 2149 462 2189 se
477 2130 623 2190 oblectent
636 2133 750 2209 posteri.

98 2230 186 2288 Nunc
200 2228 362 2288 fabularum
378 2248 429 2287 cur
441 2228 478 2287 it
491 2215 639 2287 inventurn
653 2248 755 2307 genus,
850 2239 852 2246 '
887 2219 891 2226 ’

98 2326 181 2386 Brevi
196 2326 326 2385 docebo:
348 2323 476 2384 Servitus
489 2325 614 2386 obnoxia

96 2424 184 2495 Quia,
197 2443 263 2501 quse
276 2423 401 2495 volebat,
415 2443 472 2482 nou
485 2422 613 2482 audebat
626 2419 730 2492 dicere,

96 2520 227 2579 Affectus
240 2521 368 2598 proprios
380 2520 410 2577 in
424 2519 544 2578 fabellas
558 2520 715 2592 transtulit,

95 2617 339 2695 Calumniamque
354 2616 428 2675 lictis
442 2617 527 2675 elusit
536 2616 640 2695 jocis.”
656 2610 674 2636 ³

97 2714 209 2784 Redeo,
225 2715 301 2772 unde
315 2713 443 2785 discessi,
458 2714 494 2772 ad
509 2713 637 2772 libellum
654 2724 768 2776 meum:

97 2812 188 2870 Hunc
202 2812 359 2870 obtrectare
373 2811 397 2870 si
409 2811 485 2870 volet
498 2811 672 2889 malignitas,

97 2909 208 2969 Imitari
222 2909 291 2968 dum
307 2927 364 2966 non
380 2909 480 2987 possit,
493 2910 634 2968 obtrectet
649 2909 725 2971 licet.
749 2917 751 2922 '

97 3006 174 3066 Mihi
187 3026 294 3085 magna
308 3005 371 3064 laus
386 3006 520 3083 estquod
534 3016 581 3079 tu,
593 3007 671 3085 qnod
686 3007 791 3068 similes
806 3009 846 3068 tui

96 3106 223 3164 Labores
236 3105 358 3164 libenter
372 3103 472 3182 legunt
484 3121 677 3182 usquemeos,

96 3203 268 3282 Dignosque
285 3202 373 3280 longa
383 3195 519 3281 ¹iudicant
532 3203 682 3261 memoria·
699 3257 701 3262 .

485 3319 504 3358 s
