2286 3696
384 280 486 322 tinen
502 279 648 323 Pntnuse

112 417 132 444 “
149 407 213 488 Ego
226 408 348 489 primam
361 408 443 481 tollo,
459 409 590 469 nominor
603 410 674 490 quia
687 411 744 482 leo,

110 506 287 579 Secundam,
301 506 371 586 quia
385 527 448 566 sum
460 507 551 580 fortis,
566 508 695 567 tribuetis
709 508 797 576 mihir

107 605 182 664 Tum
194 603 264 684 quia
276 604 342 684 plus
353 603 446 676 valeo,
461 625 507 663 me
522 616 657 682 sequetur
671 604 775 673 tertia;
878 624 904 662 ss

109 700 191 760 Malo
205 700 354 773 afficietur,
369 701 394 760 si
409 701 473 780 quis
487 714 620 782 quartam
636 702 790 780 tetigerit.''

110 799 159 857 Sic
174 809 264 860 totam
278 798 407 878 praedam
421 799 483 858 sola
497 800 664 878 improbitas
679 799 808 859 abstulit.
903 813 905 820 ’

195 893 201 904 ’
334 897 523 955 VL-Ranae
537 898 579 954 ad
593 893 699 956 Solem.

112 991 229 1050 Vrcrrrr
244 991 314 1052 furis
327 993 455 1051 celebres
469 991 539 1051 vidit
552 993 668 1072 nuptias

114 1089 250 1168 AEsopus‚
262 1099 296 1148 et
310 1089 447 1149 continuo
462 1110 575 1150 narrare
591 1090 732 1169 incipit-

152 1185 279 1246 Uxorem
294 1186 443 1266 quondam
459 1187 510 1246 Sol
524 1181 597 1246 cum'
607 1187 694 1246 vellet
706 1188 821 1259 ducere,
888 1210 914 1252 ur

108 1280 275 1342 Clamorem
289 1302 368 1342 ranae
383 1283 527 1343 sustulere
542 1285 579 1342 ad
596 1284 700 1346 sidera.

113 1378 253 1438 Convicio
266 1381 414 1459 permotus
427 1380 532 1460 quaerit
546 1381 661 1460 Jupiter

112 1475 241 1536 Causam
254 1475 380 1554 querelae
393 1498 401 1538 :
423 1478 559 1558 quasdam
573 1489 636 1536 tum
648 1477 742 1556 stagni
755 1473 861 1548 incola,
912 1513 913 1516 =

110 1579 132 1631 “.
150 1570 535 1652 Nunc,’'i1iquit,“‘0mnes
550 1595 626 1633 unus
640 1574 735 1633 exurit
751 1571 845 1645 lacus,

112 1669 257 1750 Cogitque
271 1669 387 1730 miseras
403 1671 483 1731 arida
498 1670 566 1730 sede
581 1671 688 1731 emori:
886 1672 917 1736 us'

109 1765 263 1836 Quidnam
276 1765 408 1826 futurum
419 1778 473 1840 est,
488 1768 512 1827 si
526 1767 628 1827 credrit
642 1765 745 1826 liberos
757 1768 785 1828 !”

221 1864 302 1923 ..VII
304 1866 454 1943 —Vulpes
469 1875 498 1926 et
513 1867 648 1926 Persona
667 1867 805 1944 Tropina.

113 1959 297 2022 Personam
313 1959 451 2054 tragicam
466 1963 539 2021 forte
552 1961 660 2042 vulpes
668 1962 795 2026 viderat:

113 2048 135 2076 “
152 2041 469 2122 Oquantaspecies!”
485 2043 590 2122 inquit,
612 2044 796 2110 “cerebrum
817 2062 875 2103 non
956 2081 960 2089 ι

237 2138 364 2211 habet!''

158 2235 223 2294 Hoc
235 2235 292 2295 illis
303 2235 413 2303 dictum
425 2245 479 2306 est,
492 2237 596 2314 quibus
607 2236 744 2294 honorem
754 2245 785 2294 et
796 2235 915 2312 gloriam

110 2333 245 2402 ²Fortuna
257 2333 369 2405 tribuit,
385 2351 500 2412 sensum
515 2352 699 2393 communem
715 2333 844 2392 abstulit.
882 2355 919 2392 roo

256 2471 260 2502 ;
324 2432 561 2508 VIM-Lupus
576 2440 606 2490 et
625 2433 714 2490 Grus.

113 2528 184 2596 Qur
196 2527 318 2606 pretium
333 2527 424 2586 meriti
437 2528 474 2586 ab
488 2518 623 2607 improbis
637 2527 791 2600 desiderat,
820 2545 821 2550 ¹

115 2625 169 2685 Bis
182 2635 305 2704 peceat;
328 2626 454 2705 primum
470 2625 606 2704 quoniam
622 2625 755 2703 indignos
770 2625 909 2706 adjuvan

116 2723 241 2802 Impune
255 2722 333 2782 abire
346 2722 451 2782 deinde
465 2723 535 2801 quia
545 2722 608 2802 jam
623 2743 681 2781 non
696 2732 800 2802 potest.

141 2819 198 2878 -Os
212 2819 378 2880 devoratum
393 2820 477 2879 fauce
491 2840 559 2880 curn
574 2820 695 2879 haereret
709 2819 782 2900 lupi,

119 2915 231 2995 Magno
245 2916 342 2976 dolore
355 2917 458 2991 victus,
473 2917 560 2997 eoepit
575 2917 704 2994 singulos
885 2937 922 2974 ros

119 3013 232 3074 Illicere
245 3013 349 3094 pretio,
365 3023 397 3072 ut
412 3013 484 3074 illud
498 3013 682 3074 extraherent
695 3011 815 3074 malurn.

150 3171 173 3204 ⁸⁸
189 3171 293 3235 celebres]
304 3187 391 3236 magna
401 3187 489 3238 pompa
501 3173 638 3222 celebratas.
639 3171 692 3212 -⁰⁴
708 3171 781 3236 unm]
793 3169 828 3220 sol
844 3167 922 3219 solus.

120 3247 174 3288 -⁹⁵
192 3248 302 3314 Miseros]
316 3265 366 3310 nos,
381 3249 397 3298 i.
410 3266 434 3303 e,
445 3265 522 3300 ranas
