2298 3684
261 211 299 270 96
524 227 677 271 renarra
694 229 799 270 nova.

261 357 378 416 Vellent
392 377 498 428 carere,
513 356 567 416 tuti
583 357 704 436 posthac
718 357 863 417 viverent:

263 455 351 514 Haud
366 455 519 534 quisquam
535 453 651 514 iusidias
663 455 740 514 nudo
756 455 863 514 faceret
876 457 996 534 corpori.

445 552 714 629 XXX.-Popilio
728 562 758 612 et
779 554 881 630 Vespa.

261 651 403 710 Pnrruro
418 649 544 727 Vespam
560 651 836 727 praetewolitantem
851 649 959 722 videns,
1024 673 1066 711 sao

260 755 280 802 ‘.‘
297 749 324 807 Ο
340 757 444 806 sortem
459 748 606 818 miseram,
619 746 740 808 ductum
758 749 793 807 de
807 747 986 820 baracus-rs?
1001 751 1063 808 ait.

260 845 392 913 Quorum
406 863 442 906 ex
456 845 588 923 reliquiis
602 846 732 903 animum
745 865 798 903 nos
813 847 984 922 accepimus.

259 941 323 1020 Ego
336 941 474 1020 eloquens
488 941 516 1000 in
531 961 613 1020 poce,
628 941 707 1000 fortis
722 941 839 1020 proeliis,

259 1041 330 1098 Arte
344 1039 422 1100 omni
434 1039 577 1117 princeps,
590 1048 679 1096 antea
694 1037 788 1115 qualis
802 1039 855 1110 fui,

260 1139 306 1198 En
321 1148 426 1198 cuncta
439 1138 540 1197 levitas
553 1138 655 1216 putris,
670 1148 699 1197 et
714 1138 802 1197 volito
816 1139 898 1198 cinis.
1021 1159 1062 1200 sas

258 1237 315 1306 Tu,
328 1255 395 1314 quae
410 1235 499 1305 fuisti,
512 1234 609 1294 mulus
622 1234 799 1306 clitellarius,

259 1333 471 1412 Quemcunque
487 1331 577 1390 visum
593 1343 646 1403 est,
662 1332 745 1391 laedis
759 1332 847 1392 infixo
862 1334 974 1393 aculeo.

259 1427 298 1487 Et
316 1430 410 1509 Vespa
424 1429 543 1506 dignans
558 1428 681 1488 moribus
697 1449 794 1488 vocem
810 1429 919 1490 edidit:

259 1534 278 1561 “
296 1527 362 1586 Non
377 1517 426 1606 qui
441 1526 588 1595 fuerimus,
602 1526 652 1584 sed
666 1526 717 1604 qui
730 1545 806 1585 nunc
820 1526 909 1585 simus
923 1527 1019 1586 uide.''

396 1622 745 1702 XXXl.-Terraneolo
760 1633 789 1682 et
811 1623 927 1700 Vulpes.

258 1724 352 1792 Avrs,
367 1731 455 1800 quam
471 1720 572 1779 dicunt
585 1721 785 1779 Terraneolam
801 1720 909 1793 rustici,
1017 1744 1059 1787 roo

259 1821 293 1880 ln
307 1833 381 1881 terra
395 1821 495 1880 nidum
511 1820 579 1897 quia
592 1821 739 1898 componit
754 1820 873 1893 scilicet,

258 1920 345 1981 Forte
358 1918 519 1978 occucurrit
533 1919 670 1996 irnprubae
686 1917 868 1996 Vulpeculoe,

259 2016 326 2084 Qua
339 2016 411 2084 risa,
425 2014 527 2094 pennis
542 2015 629 2074 altius
643 2035 674 2073 se
687 2014 812 2073 sustulit.

258 2119 277 2147 “
295 2112 409 2183 Salve,''
424 2113 518 2189 iuquit
534 2113 592 2184 illa,
609 2119 628 2147 ‘⁴
645 2132 696 2171 cur
711 2131 755 2170 me
770 2111 879 2189 fugisti,
893 2111 1042 2170 obsecro.’'

258 2210 351 2278 Quasi
366 2228 424 2267 non
439 2209 555 2268 abunde
567 2209 604 2268 sit
617 2209 687 2267 mihi
702 2209 730 2266 in
746 2221 828 2286 prato
842 2209 933 2282 cibus,
1016 2230 1056 2274 ³9⁵

258 2306 353 2376 Grilli‚
368 2305 518 2376 scarabaei,
533 2304 707 2364 locustarum
721 2305 814 2384 copia.

259 2407 328 2465 Noa
338 2415 382 2464 est
395 2403 474 2483 quod
490 2414 612 2475 metuas,
626 2423 705 2482 rogo,
718 2415 747 2463 te
762 2405 887 2462 multum
901 2403 1000 2482 diligo.

256 2505 377 2562 Astutos
392 2511 507 2580 propter
521 2520 623 2571 mores,
638 2513 667 2560 et
680 2501 768 2560 vitain
782 2501 932 2578 probam.”
961 2491 963 2496 ¹

258 2598 420 2679 Respondit
433 2608 553 2658 contra:
575 2605 594 2632 “
610 2597 654 2656 'l'u
669 2598 787 2676 quidem
801 2599 875 2657 bene
887 2597 1039 2676 praedicas,

258 2695 326 2754 Non
340 2717 403 2754 sum
419 2705 516 2754 tamea
530 2695 666 2774 proprius
675 2694 738 2765 tibi,
753 2694 803 2754 sed
820 2715 883 2752 sum
897 2694 952 2752 sub
966 2695 1034 2755 dio:

256 2792 336 2860 Quin
350 2812 465 2871 sequor,
480 2803 510 2852 et
523 2795 566 2852 sic
578 2794 669 2852 vitum
684 2792 735 2851 tibi
749 2792 898 2851 committo
914 2812 1018 2852 meam.

579 2891 733 2967 Epilcprrr.

256 2985 327 3044 Hoc
342 2985 546 3063 qualecunque
560 2995 605 3045 est
620 2986 708 3046 Musa
721 2985 800 3064 quod
814 2986 889 3046 ludit
901 3003 978 3059 mea,

256 3082 394 3160 Nequitia
408 3082 514 3160 pariter
528 3082 629 3144 laudat
642 3093 672 3144 et
683 3083 845 3162 frugalitas,

254 3179 314 3240 Sed
326 3179 389 3238 hrcc
404 3178 579 3257 simpliciter,
593 3177 643 3237 illa
657 3180 744 3239 tacite
759 3180 898 3240 irascitur.

439 3290 481 3353 ³⁸⁰]
500 3291 559 3340 Huc
571 3292 652 3341 sabula
663 3294 784 3359 interprete
794 3303 857 3360 eget.
