2298 3684
250 229 288 287 98
551 249 753 291 srureurrrr.

252 375 299 435 Ad
313 376 422 436 tristem
436 385 547 456 partem
561 387 678 438 strenua
688 387 733 438 est
745 378 880 457 suspicio.

253 473 374 532 Adulter
387 483 431 532 est
444 473 541 534 uxoris
555 483 666 533 amator
679 475 780 534 aerior.

254 574 359 632 AEenu
373 572 535 652 reprendas,
548 572 629 650 quod
641 573 719 632 sinas
732 592 929 632 consuescere.

254 670 306 728 AEs
319 668 486 741 debitorem,
500 671 580 737 leve;
602 689 698 748 grave,
714 670 861 730 inimicum
876 671 955 730 iacit.
1025 694 1052 730 ιο

253 768 335 826 AEtas
349 766 494 826 cinoedum
508 767 594 839 celat,
608 776 680 826 oetas
694 766 813 827 iudicat.
858 771 861 777 '

159 881 162 887 ·
254 865 384 923 Anruuu
399 863 492 937 nobis,
507 874 605 924 nostra
618 864 684 943 plus
699 864 762 924 aliis
776 865 902 944 placent.

254 963 386 1021 Arrnnn
401 981 500 1022 mensa
513 961 640 1040 ingenuo
655 962 758 1022 acerba
771 973 815 1022 est
826 962 954 1022 servitus.

253 1061 414 1118 Anrnuun
429 1069 473 1118 est
486 1078 582 1132 omne,
596 1058 736 1138 quicquid
749 1059 878 1138 optando
889 1061 977 1119 venit.

254 1155 379 1215 Alterius
393 1155 543 1229 damnum,
559 1154 698 1233 gaudium
713 1155 792 1216 haud
806 1155 897 1216 faciae
910 1166 1004 1217 tuum.
1026 1177 1053 1216 ιε

255 1254 374 1312 Annus
389 1252 477 1312 iratus
491 1252 583 1312 multa
596 1251 733 1312 mentitur
746 1253 809 1312 sibi.

254 1351 368 1410 Annus
383 1349 453 1430 quid
467 1351 566 1428 cupiat
580 1350 653 1417 scit:
676 1349 746 1427 quid
761 1351 855 1429 sapiat
868 1370 927 1410 non
940 1349 1030 1423 videt,

254 1449 370 1508 Arruns
385 1447 463 1527 quod
477 1447 650 1526 suspicatur,
665 1445 786 1525 vigilans
799 1448 935 1509 somniat.

254 1547 386 1618 Arruns,
400 1545 485 1605 itaut
499 1544 559 1617 fax,
574 1543 712 1622 agitando
726 1545 851 1605 ardescit
864 1543 966 1624 magis.

255 1645 377 1703 Auens
391 1652 421 1702 et
433 1661 532 1722 sapere
545 1641 594 1701 ria
610 1641 674 1700 Deo
688 1641 864 1702 conceditur.
1025 1665 1052 1702 eo

254 1741 374 1800 Annua
383 1740 484 1820 juveni
498 1739 607 1798 fructus
620 1749 675 1810 est,
689 1739 796 1798 crimen
811 1739 882 1798 seni.

255 1838 387 1898 Amantis
398 1835 603 1918 jusjurandum
617 1856 733 1915 poenam
746 1856 805 1895 non
820 1837 917 1897 habet.

256 1935 424 1994 Amantium
439 1934 489 1994 irae
502 1934 606 1993 amoris
619 1933 772 2013 integratio
785 1945 838 1994 est.

253 2033 347 2091 Aruns
362 2041 519 2112 parentem,
535 2031 559 2090 si
573 2051 676 2110 oequus
690 2040 750 2099 est;
773 2031 865 2103 aliter,
879 2030 963 2092 feras.

256 2129 364 2189 Amicis
378 2148 412 2188 eo
427 2128 518 2207 magis
533 2127 601 2188 dees
614 2147 673 2208 quo
688 2127 759 2187 nihil
773 2128 874 2188 habes.
1027 2149 1053 2187 es

256 2226 391 2286 Amicitia
404 2245 488 2305 pares
502 2235 554 2286 out
568 2226 674 2305 accipit
688 2236 739 2285 aut
752 2224 833 2285 facit.

256 2323 391 2384 Amicitia
404 2342 516 2402 semper
528 2323 656 2402 prodest,
671 2343 751 2383 amor
764 2332 795 2382 et
808 2333 903 2382 nocet.

256 2420 400 2481 Amicitiae
414 2419 568 2498 coagulum
583 2420 700 2480 unicum
714 2430 759 2480 est
770 2420 854 2479 fides.

256 2521 359 2579 Aurc1
375 2519 443 2579 vitia
457 2519 481 2577 si
494 2519 578 2597 (nisi)
590 2518 675 2591 feras,
689 2518 760 2578 facis
774 2528 835 2577 tua.

257 2617 351 2677 Amici
363 2617 433 2676 vitia
446 2616 567 2686 noveris,
581 2635 639 2674 non
652 2615 756 2675 oderis.
1026 2636 1052 2675 oo

257 2714 392 2773 Amicum
407 2734 444 2774 an
460 2731 565 2773 nomeu
580 2713 697 2784 habeas,
713 2712 805 2790 aperit
818 2711 978 2772 calamitas.

257 2810 392 2869 Amicum
407 2809 522 2882 laedere,
537 2830 573 2868 ne
584 2809 652 2889 joco
666 2807 784 2888 quidem
797 2809 875 2870 licet.

257 2909 398 2967 Anrcurr
414 2907 531 2987 perdere
546 2916 590 2967 est
603 2907 774 2966 damnorum
788 2906 957 2966 maximum.

257 3010 410 3065 Aurssuu
424 3005 502 3084 quod
517 3005 653 3077 nescitur,
668 3024 726 3064 non
738 3005 890 3064 amittitur.

257 3105 351 3163 Auon
365 3101 453 3162 animi
466 3101 581 3162 arbitrio
596 3101 718 3162 sumitur
731 3119 790 3161 nou
803 3100 931 3181 ponitur.
1027 3123 1054 3162 aa

257 3201 355 3259 Auon
368 3199 531 3277 extorqueri
544 3218 602 3260 non
616 3209 694 3280 pote,
709 3199 785 3260 eiabi
796 3208 875 3278 pote.
