2298 3684
260 211 315 270 108
555 203 759 267 *saunari-rra.

258 355 371 417 Inimici
385 356 421 416 ad
433 351 668 416 animum‘nullae
682 353 860 414 conveniunt
871 373 983 434 preces.

254 453 380 514 Inimico
393 453 533 525 extincto,
548 451 670 512 exitium
685 451 821 530 lacrymae
837 469 896 510 ncn
911 451 1037 512 habent.
1139 479 1140 482 ¹

258 553 439 624 Irrrurcurr,
453 549 585 630 quamvis
598 548 748 622 humilem,
763 549 842 608 docti
861 559 989 608 metuere
1002 559 1064 608 est.
1139 607 1140 618 ,

258 648 411 708 Inimicum
425 646 537 720 ulcisci,
552 645 641 706 vitam
656 646 787 726 accipere
799 656 845 705 est
858 647 990 705 alteram.

260 746 294 805 ln
304 744 465 826 judicando
477 743 631 803 criminosa
645 753 690 802 est
702 743 843 803 celeritas.

259 842 398 923 Injuriam
413 861 496 902 aures
509 860 599 919 quam
612 839 690 899 oculi
704 839 818 900 facilius
833 840 941 900 ferunt.
1050 844 1054 855 '

260 939 399 1019 lnjuriam
414 937 526 998 facilius
541 937 632 997 iacias
645 957 734 1016 quum
749 937 834 997 ieras.
1022 941 1064 996 snb

172 1097 174 1106 ,
261 1036 400 1116 lnjurianr
414 1035 475 1114 ipse
488 1035 590 1107 facias,
604 1033 655 1093 ubi
669 1035 728 1094 nnn
741 1033 880 1094 vindices.

259 1133 478 1194 Iururuanurr
493 1131 651 1191 remedium
667 1141 711 1192 est
720 1131 838 1190 oblivio.

260 1231 296 1289 In
311 1230 406 1290 miseri
419 1229 490 1289 vitia
502 1228 584 1288 nulla
598 1229 774 1288 contumelia
787 1238 842 1288 est.
914 1275 919 1286 .
955 1251 958 1259 ·

260 1328 295 1387 In
310 1327 412 1386 misero
427 1326 510 1387 facile
524 1327 558 1386 fit
571 1323 676 1405 potens
690 1326 815 1406 injuria.¹

260 1426 298 1485 lu
314 1425 427 1485 nullum
439 1439 542 1484 avarus
556 1424 718 1496 bonusest,
731 1423 761 1482 in
776 1443 807 1482 se
821 1421 972 1502 pessimus.
1020 1426 1059 1482 nrt

261 1523 346 1602 Inopi
359 1519 531 1582 beneficium
543 1521 588 1580 bis
600 1513 662 1594 dat,
677 1520 728 1599 qui
741 1520 793 1579 dat
806 1519 943 1580 celeriter.

261 1620 385 1680 lucarie
399 1619 505 1680 desunt
515 1638 624 1698 paucas
632 1618 759 1678 avaritiae
773 1617 880 1676 omnin.
957 1641 959 1648 ,

261 1718 378 1777 Iuorrn
393 1717 534 1776 instructa
547 1726 602 1787 est,
617 1715 646 1773 in
660 1713 767 1773 divitiis
781 1713 934 1792 cupiditas.

261 1814 299 1873 Iu
314 1815 400 1874 rebus
411 1813 506 1873 dubiis
521 1811 644 1892 plurIma
659 1823 703 1871 est
717 1811 852 1872 audacia.

261 1911 407 1971 lustuns
420 1911 514 1971 omnia
529 1911 622 1970 furere
635 1909 727 1968 credit
739 1917 872 1968 caeteros.
1016 1926 1056 1966 sm

261 2008 396 2086 Intellige
409 2027 512 2086 ecquae
526 2007 594 2089 sint,
609 2016 643 2066 ut
657 2016 687 2065 et
700 2007 775 2065 bene
789 2025 873 2084 agas,
887 2006 974 2064 bona.

261 2105 296 2163 ln
310 2104 387 2184 turpi
401 2124 431 2164 re
445 2123 564 2184 peccare
579 2103 623 2163 bis
636 2102 804 2182 delinquere
817 2112 870 2161 est.

227 2207 229 2214 '
261 2201 296 2260 ln
310 2201 422 2261 Venere
436 2219 548 2280 semper
561 2212 652 2261 certat
668 2199 759 2259 Dolor
772 2209 802 2260 et
812 2199 969 2259 Gaudium.

262 2300 296 2358 ln
307 2297 420 2357 Venere
434 2316 547 2375 semper
560 2296 652 2357 dulcis
666 2306 710 2356 est
724 2297 880 2356 dementia.

261 2393 374 2454 Invidia
386 2392 514 2473 loquitur
527 2392 568 2465 id,
583 2392 662 2471 quod
675 2394 767 2475 obest,
780 2412 838 2452 non
852 2392 931 2472 quod
945 2393 1053 2453 subest.

262 2494 427 2552 Iuvrnrnu
442 2492 514 2551 ferre
528 2500 579 2550 aut
592 2490 674 2550 fortis
688 2501 739 2549 aut
750 2490 819 2550 felix
833 2500 937 2570 potest.

261 2590 402 2651 luvrnrn
417 2589 516 2663 tacite,
531 2573 582 2648 sed
597 2587 722 2660 inimice,
738 2588 878 2648 irascitur.

260 2687 369 2748 Invitat
380 2687 507 2767 culpam,
523 2687 573 2765 qui
587 2685 723 2744 delictum
738 2687 873 2764 praeterit.

260 2785 405 2843 luvrruru
421 2803 487 2843 cum
501 2781 725 2856 retineas‚·exire
739 2781 842 2840 incitas
855 2783 921 2859 (es).

262 2882 396 2941 Inarunr
411 2881 532 2940 breviter
545 2879 628 2952 vites,
642 2878 789 2938 inimicum
801 2879 862 2938 diu.
1018 2901 1055 2940 sm

261 2982 382 3041 lassus
395 2999 462 3040 curn
476 2979 514 3039 ad
528 2999 559 3038 se
573 2978 666 3050 rediit,
681 2978 735 3037 sibi
751 2987 813 3037 tum
829 2979 969 3039 irascitur.

262 3079 386 3138 laurus
401 3075 489 3136 etiarn
502 3075 615 3136 facinus
624 3075 779 3134 'consilium
792 3085 887 3154 putat.

464 3186 509 3252 ³⁰⁰]
527 3188 584 3238 Vid.
597 3187 683 3238 Phred.
695 3187 755 3237 aab.
769 3189 823 3238 AEs.
834 3205 858 3240 v.
