2286 3696
391 247 492 294 LIBER
510 247 648 294 PRtMUS'·

226 400 241 438 ,’
271 378 483 442 XL-Astnus
494 393 527 442 ‘et
542 381 602 441 Leo
616 372 764 442 venantes.
819 423 820 426 =
838 395 842 425 ³

119 473 281 537 Vrururrs
296 479 409 558 expers,
424 479 519 538 verbis
528 479 646 558 jactam
661 472 793 558 glumam,
857 511 860 516 ·
900 493 904 500 ·

120 575 241 652 Ignotos
255 575 341 647 fallit,
356 575 432 634 notis
447 585 492 644 est
504 573 621 638 derisui.
645 617 647 624 >
747 567 750 574 Δ
845 573 849 577 “

145 669 268 732 'Venari
281 673 371 732 'asello
381 673 491 735 Lcomite
506 693 573 732 cum
588 672 675 732 veliet
689 665 746 743 leo,
871 687 920 732 trs

118 767 258 829 Contexit
273 769 360 828 illurn¹
370 769 485 842 srutice,
500 781 530 829 et
544 769 696 829 admonuit
708 769 804 842 simul,

120 865 163 924 Ut
176 863 290 936 insuete
303 885 374 926 voce
387 865 505 927 terreret
519 867 605 939 feras,
679 860 682 866 ’
787 859 789 864 ’

120 961 277 1039 Fugientes
291 963 356 1043 ipse·
366 963 520 1044 exciperet.
565 965 622 1023 Hie
637 964 777 1025 auritulus

119 1057 286 1120 Clamorem
300 1061 396 1122 subito
408 1062 478 1122 totis
488 1062 563 1121 tollit
576 1062 693 1135 viribus,

122 1155 265 1234 Novoque
279 1159 498 1218 turbat'bestias
511 1158 650 1219 miraculo
661 1181 675 1219 :-
881 1173 919 1220 'rso

114 1251 210 1324 uuae,
222 1253 295 1317 tium
310 1265 448 1333 paventes
462 1253 557 1315 exitus
571 1266 656 1316 notos
669 1266 784 1336 petunt,
848 1299 850 1304 -

121 1350 227 1412 leonis
241 1352 409 1430 affliguntur
422 1353 564 1412 horrendo
576 1353 709 1433 impetu:

121 1445 193 1519 Qui,
208 1458 361 1528 postquam
375 1450 458 1508 eaede
469 1449 563 1510 sessus
576 1459 630 1520 est,
646 1452 757 1510 asinum
766 1463 883 1524 evocat,

118 1543 382 1629 Jubetque.voeem
397 1567 542 1626 premere;
566 1558 635 1608 tunc
651 1547 699 1606 ille
715 1548 850 1622 insolens,

121 1646 143 1672 ‘⁶
159 1641 263 1709 Qualis
277 1642 390 1702 videtur
402 1660 490 1723 opera
503 1644 556 1703 tibi
570 1645 648 1704 vocis
663 1651 735 1706 mese
748 1645 779 1703 ?'’
882 1666 919 1705 145

120 1741 141 1772 “
159 1738 313 1818 insignis,”
327 1737 442 1818 inquit3
465 1747 484 1775 “
501 1741 553 1812 sie,
568 1750 603 1800 ut
616 1741 670 1799 nisi
685 1741 799 1802 nussem
815 1752 898 1801 tuum

121 1835 259 1896 Animum
273 1857 435 1917 genusque,
449 1839 535 1898 simili
551 1839 689 1916 fugissem
704 1840 812 1898 metu.’¹
908 1871 909 1875 ,

193 1987 196 1994 .
300 1935 588 1995 XII.-Cervusad
602 1939 737 1996 Fontem.

120 2029 293 2091 Luunsrrs
308 2031 431 2106 utiliora,
447 2033 515 2111 quse
530 2031 748 2112 contempseris,

120 2125 209 2206 Saepe
221 2127 351 2202 inveniri,
367 2131 431 2189 haee
446 2130 538 2191 exerit
550 2131 684 2190 narratio.

161 2224 208 2283 Ad
224 2225 333 2287 fontem
347 2235 458 2298 cervus,
473 2247 540 2286 cum
554 2227 688 2299 bibisset,.
699 2228 811 2298 restitit,
881 2250 919 2288 rso

121 2321 162 2380 Et
174 2320 205 2379 iu
218 2321 328 2401 liquore
341 2322 414 2383 vidit
428 2325 553 2402 effigiem
568 2344 660 2383 suam.
747 2375 749 2379 ,

121 2416 167 2477 lbi
181 2417 250 2478 dum
265 2439 379 2492 ramosa
392 2420 500 2481 mirans
514 2420 617 2480 laudat
629 2441 749 2494 cornua,

121 2515 305 2596 Crurumque
319 2515 445 2577 nimiam.
453 2519 623 2578 tenuitatem
637 2518 792 2597 vituperat,

116 2611 289 2674 *Venantum
302 2615 399 2674 'subito
412 2616 532 2674 vocibus
547 2614 729 2687 conterritus,
782 2635 784 2640 ·

119 2709 178 2770 Per
191 2716 327 2791 eampum
342 2713 441 2790 fugere
454 2713 553 2792 erepit,
567 2720 597 2771 et
607 2731 693 2770 eursu
708 2707 764 2772 levi
840 2759 842 2762 .
883 2723 920 2775 1⁵5

120 2807 220 2868 Canes
232 2808 327 2868 elusit.
370 2809 467 2890 Sylva
480 2820 543 2869 tum
556 2808 670 2887 excepit
684 2807 786 2882 ferum,

120 2904 156 2963 ln
171 2924 232 2983 qua
244 2905 363 2965 retentis
376 2905 530 2984 impeditus
544 2905 689 2976 cornibus,

122 2999 254 3062 Lacerari
268 3001 356 3084 eoepit
369 3002 510 3063 morsibus
524 3002 608 3062 saevi's
622 3007 739 3062 eanum.

118 3179 122 3190 ,
153 3129 184 3162 ¹⁴⁴
201 3130 328 3194 ,Pr-emere]
350 3131 543 3184 cohibere-¹5⁶
561 3132 660 3196 Opera]'
670 3131 799 3182 usust—¹⁴⁹
825 3132 918 3196 Emit]

118 3209 250 3275 profitetur,
262 3208 414 3259 demonstrat.
493 3249 498 3258 .
553 3215 555 3218 '
