2298 3684
242 225 297 284 100
542 245 744 290 seur-auria.

241 372 320 432 Bene
334 369 421 450 vulgo
436 371 534 432 audire
548 383 593 432 est
607 372 728 436 alterum
743 373 959 452 patrimonium.
1038 381 1042 388 '

242 468 335 528 Brun
349 469 477 547 cogitata
491 468 515 526 si
530 468 681 540 excidunt,
697 488 756 528 oon
770 468 919 528 occidunt.
1134 541 1135 552 χ

242 565 335 625 Baua
349 565 456 626 dormit
469 565 519 643 qui
534 585 593 624 non
608 566 695 628 sentit
708 586 796 645 quam
818 565 894 626 male
906 566 1045 628 dormiat.
1134 595 1135 598 ¹

242 661 389 722 Beneficio
401 661 513 734 donari,
529 672 580 722 aut
595 663 664 722 mali
678 674 730 722 out
743 662 825 724 stulti
838 673 954 742 putant.
1019 685 1047 730 ro

241 759 426 822 Bsuorrcrn
442 758 526 838 plura
539 759 641 840 recipit
655 760 707 840 qui
720 760 776 820 soit
789 760 918 820 reddere.

243 855 380 916 Beneficii
392 876 540 934 nunquam
557 857 615 916 cito
629 857 691 917 dati
704 857 881 918 obliviscere.

241 953 453 1014 Buusrrcruu
471 955 602 1034 accipere
616 955 779 1016 libertatem
794 965 839 1014 est
852 955 986 1016 vendere.

243 1051 456 1112 Bsuurrcrunr
472 1052 571 1111 dando
585 1051 708 1130 accepit,
722 1052 775 1130 qui
789 1053 878 1131 digno
890 1052 982 1113 dedit.
1037 1063 1040 1079 '

243 1148 452 1208 Bousrrcruru
466 1148 562 1226 dignis
575 1149 625 1208 ubi
640 1149 701 1220 des,
716 1169 817 1209 omnes
830 1150 950 1228 obligas.
1019 1169 1047 1218 ro

243 1246 459 1306 Bauarrcrunr
475 1245 544 1304 dare
558 1246 609 1325 qui
623 1246 726 1319 nescit,
739 1247 848 1326 injuste
862 1247 944 1326 petit.

243 1344 456 1404 Bauarrcruu
471 1343 521 1421 qui
533 1343 649 1404 dedisse
663 1363 694 1403 se
707 1343 788 1414 dicit,
804 1345 887 1422 petit.

242 1441 456 1500 Bourrrcrunr
473 1460 552 1519 scope
563 1440 644 1512 dore,
658 1440 761 1500 docere
776 1450 820 1500 est
835 1441 965 1502 reddere.

245 1539 336 1599 Boua
349 1537 445 1618 perdis
459 1537 611 1616 gaudium,
626 1538 676 1596 ubi
690 1537 773 1597 dolor
787 1539 893 1616 pariter
904 1539 987 1618 perit.

245 1637 337 1696 Brun
352 1636 445 1716 perdit
453 1654 603 1706 nummos,
613 1633 707 1714 judici
721 1654 790 1693 cum
803 1634 865 1707 dat,
881 1655 1001 1696 nocens.
1019 1659 1046 1696 ao

245 1734 338 1792 Banu
350 1731 422 1792 uixit
436 1731 470 1802 is,
485 1731 536 1810 qui
549 1731 654 1811 potuit,
669 1751 737 1790 cum
752 1731 853 1802 voluit,
868 1732 949 1793 mori.

245 1830 406 1895 Benevolus
421 1827 533 1890 animus
548 1827 674 1888 maxima
687 1839 731 1887 est
745 1828 891 1905 cognatio.

246 1927 394 2005 Benignus
406 1925 493 1984 etiam
508 1925 597 1984 dandi
611 1944 729 1984 causam
740 1925 860 2002 cogitat.

246 2023 303 2083 Bis
319 2024 474 2094 emoriest‚
489 2022 605 2082 alterius
620 2021 735 2082 arbitrio
749 2022 830 2081 mori.

247 2121 302 2188 Bis
312 2121 488 2200 gratumest,
498 2119 658 2199 quoddam
668 2118 889 2197 opusest‚ultro
899 2118 1046 2180 siofferas.

248 2220 305 2279 Brs
322 2219 502 2288 interimitur,
517 2217 567 2296 qui
582 2218 641 2278 suis
652 2217 738 2278 armis
751 2217 835 2297 perit.

248 2318 505 2397 Brspecoas,cum
516 2315 1047 2394 peccantiobsequiumacoommodas.

249 2416 306 2475 Brs
320 2414 409 2475 vincit
423 2411 474 2491 qui
488 2432 519 2472 se
533 2411 623 2472 vincit
637 2413 666 2470 iu
679 2411 807 2472 victoria.

248 2513 448 2581 Bonunrrrn,
464 2530 520 2570 non
535 2509 664 2588 imperio,
677 2509 711 2567 fit
725 2507 819 2567 dulcis
834 2509 944 2568 Venus.

249 2610 342 2670 Boun
357 2618 507 2688 comparat
520 2607 655 2686 praesidia
667 2605 872 2666 misericordia.
1022 2630 1051 2674 on

250 2707 342 2765 Boun
358 2705 435 2764 fama
450 2705 479 2764 in
494 2703 620 2764 tenebris
634 2701 781 2782 proprium
797 2702 980 2781 splendorem
995 2703 1050 2764 ob.

250 2805 344 2874 Bona,
359 2802 517 2881 imperante
531 2800 638 2871 animo,
652 2801 703 2858 fiet
717 2800 850 2879 pecunia.
949 2799 1048 2880 [tinet.

251 2901 344 2960 Boua
359 2897 467 2958 homiui
482 2900 599 2974 (omnis)
611 2915 688 2956 mors
700 2905 756 2967 cst,
771 2897 838 2956 vites
847 2899 970 2972 ,(απίοηί)
980 2917 1050 2977 qum

370 2995 527 3074 exstinguit
541 2995 626 3056 mala.

251 3096 345 3157 Bona
361 3093 468 3154 nemini
482 3092 553 3152 horo
567 3102 625 3164 est,·
635 3102 668 3152 ut
682 3110 740 3150 uon
752 3091 839 3152 alicui
853 3091 891 3152 sit
898 3091 992 3154 maia.

252 3193 336 3251 Bono
349 3190 445 3271 opinio
458 3189 607 3250 homiuum
620 3189 710 3250 ,tutior
722 3189 847 3269 pecunia
859 3199 914 3250 est.
1025 3211 1055 3260 m
