2298 3684
118 306 141 359 o

458 428 515 504 11.

104 604 297 680 PUBLII
325 603 457 681 SYRI
494 606 871 687 MIMOGRAPHI

268 789 324 875 (et
338 785 503 880 sortasse
530 787 710 878 aliorum)

311 955 660 1046 SENTENTIAE.

91 1177 227 1226 “Publius
243 1176 339 1227 natione
357 1178 438 1243 Syrus,
457 1194 512 1227 cum
530 1193 588 1245 puer
606 1178 637 1228 ad
659 1188 781 1245 patronum
799 1183 887 1232 domini

123 1264 185 1304 esset
200 1255 324 1314 adductus,
343 1256 470 1322 promeruit
482 1273 537 1306 eum
551 1272 598 1306 non
613 1256 691 1307 minus
704 1258 793 1308 salibus
810 1270 835 1310 et
850 1261 886 1311 in·

125 1332 194 1396 genio
212 1347 283 1402 qqam
301 1333 382 1390 forma,
394 1333 442 1382 dte.
475 1334 515 1382 Ob
530 1333 581 1382 haec
597 1343 620 1382 et
636 1335 683 1382 alia
694 1337 853 1387 manumissus
863 1349 888 1388 et

125 1409 212 1474 majore
222 1426 276 1458 cura
288 1410 401 1468 eruditus,
412 1427 467 1459 cum
482 1411 570 1459 Mimos
584 1421 741 1476 componeret,
752 1412 887 1480 ingentique

125 1501 221 1535 assensn
229 1487 254 1535 in
265 1487 342 1536 Italiae
350 1487 442 1553 oppidis
450 1503 518 1552 agere
531 1487 649 1552 coepisset,
659 1488 788 1554 productus
800 1490 886 1540 Roman

123 1580 166 1629 per
176 1565 277 1614 Cesaris
289 1565 365 1621 ludos,
381 1581 461 1614 omnes
477 1565 518 1630 qui
532 1573 589 1613 tunc
603 1564 690 1630 scripta
700 1575 725 1614 et
734 1582 817 1632 operas
830 1585 886 1617 suas

124 1641 149 1690 in
161 1657 255 1691 scenam
270 1641 405 1692 locaverant
418 1642 560 1708 provocavit,
577 1650 604 1690 ut
618 1641 704 1706 singuli
718 1658 798 1696 secum
811 1646 887 1710 posita

124 1719 225 1768 invicem
242 1719 339 1769 materia
354 1735 395 1784 pro
409 1727 512 1786 tempore
531 1718 705 1776 contenderent,
725 1736 768 1768 nec
787 1721 835 1770 ullo
850 1739 886 1772 re·

124 1804 230 1854 cusante,
249 1797 368 1862 superavit
382 1811 479 1856 omnes3
504 1794 601 1861 inquis
618 1806 642 1844 et
658 1796 802 1859 Laberinm;
824 1800 885 1850 unde

125 1874 207 1923 Caesar
217 1874 318 1923 arridens
329 1873 374 1922 hoc
385 1873 455 1922 modo
465 1872 639 1938 pronuntiavit:

220 1951 323 2001 Favente
333 1949 375 1999 tibi
386 1965 422 2000 me
432 1949 507 1998 victus
517 1965 552 2007 es,
565 1949 657 2007 Laberi,
669 1965 684 1998 a
695 1951 762 2015 Syro,

124 2029 249 2094 statimque
259 2028 347 2078 Publio
352 2027 456 2094 palmam
463 2035 488 2076 et
494 2027 592 2076 Laberio
604 2029 717 2077 annulum
726 2044 822 2080 aureum
829 2047 884 2082 cum

123 2106 256 2172 quingentis
266 2104 375 2155 sestertiis
383 2103 474 2160 dedit,¹'
492 2105 552 2153 Hanc
559 2104 618 2153 dicit
625 2104 654 2155 de
663 2106 751 2154 Publio
758 2108 817 2172 Syro
826 2111 884 2159 Ma·

123 2183 225 2240 crobius,
237 2184 347 2247 (Saturn.
359 2183 392 2240 xi,
403 2183 418 2230 2
430 2190 454 2230 et
464 2182 501 2244 7.)

91 2261 185 2320 Quibus
197 2260 265 2310 suerit
275 2260 410 2326 parentibus
420 2266 444 2308 et
453 2259 518 2324 quali
526 2258 581 2316 vita,
596 2275 650 2309 cum
661 2260 757 2310 omnino
769 2261 883 2312 incertum

123 2340 162 2396 sit,
173 2337 300 2388 omittimus
311 2352 423 2402 querare.

90 2512 118 2570 A
134 2527 243 2569 monus
257 2527 368 2586 semper
379 2506 510 2566 homines
524 2504 696 2566 tantundem
712 2507 859 2566 absumus.

91 2609 139 2668 Aa
155 2607 212 2667 alio
226 2615 360 2685 expectes
374 2604 455 2664 alteri
470 2602 549 2682 quod
564 2602 674 2662 feceris.

90 2706 138 2764 Aa
154 2713 270 2764 amante
282 2701 415 2781 lacrymis
429 2700 550 2760 redimes
565 2698 753 2758 iracundiam.

89 2804 267 2863 Ansuuunnr
281 2798 373 2870 laedit,
387 2817 454 2858 cum
467 2797 545 2856 ebrio
557 2796 607 2874 qui
621 2795 723 2873 litigat.

89 2902 140 2960 An
154 2898 350 2960 calamitatem
364 2895 486 2975 quilibet
499 2911 595 2952 rumor
607 2892 692 2952 valet.
871 2918 884 2956 5

89 3000 139 3058 An
154 2995 352 3076 poenitendum
366 3003 510 3074 properat,
524 2990 582 3051 cito
591 2991 644 3069 qui
653 2990 779 3070 judicat.

119 3127 142 3192 ι]
156 3129 262 3186 Quorum
274 3139 382 3174 versuum
393 3136 462 3172 voces
468 3121 569 3171 initiales
577 3119 710 3170 uncialibus
717 3121 886 3188 literisscriptse

87 3212 153 3263 sunt,
164 3203 200 3254 ilii
211 3203 255 3254 soli
266 3219 281 3254 a
292 3200 400 3252 Bentleio
411 3201 442 3249 P.
454 3199 506 3265 Syri
516 3214 566 3249 esse
577 3207 697 3264 putantur.

477 3301 498 3340 Η
