2286 3696
337 273 438 316 arara
453 273 607 316 rnnrrus.
834 262 873 319 35

75 405 138 485 Age
152 424 235 486 porro
250 408 369 464 scisset:
392 425 482 483 quum
497 423 608 464 crearer
622 405 779 478 masculus,

76 504 252 563 Beneficium
266 523 405 580 magnum
419 521 488 561 sane
503 502 595 562 natali
611 502 701 574 dedit,

77 601 118 660 Ut
131 609 312 679 expectarem
327 599 438 657 lanium
453 599 482 657 in
497 599 583 658 horas
598 599 736 677 singulas,

77 697 171 777 Cujus
185 707 313 776 potestas
327 696 408 755 nulla
422 696 452 754 in
467 696 614 775 gignendo
628 697 694 768 luit,
836 685 877 756 alo

77 795 138 856 Cur
150 795 206 855 hac
220 795 257 854 sit
271 795 373 873 potior,
388 814 455 871 quae
466 787 596 873 jacentis¹
608 794 733 854 miserita
746 805 802 867 est,

81 891 263 970 Dulcemque
276 901 379 971 sponte
393 902 514 970 praestat
529 891 780 952 benevolentiam?

81 989 166 1051 Facit
178 1000 311 1067 parentes
326 989 450 1060 bonitas,
466 1007 523 1046 non
538 989 725 1048 necessitas.''

123 1087 177 1147 His
190 1087 386 1146 demonstrare
400 1086 491 1144 voluit
503 1097 602 1145 auctor
616 1077 753 1158 uersibus,

82 1183 234 1244 Obsistere
247 1184 378 1242 homines
393 1182 515 1261 legibus,
531 1183 639 1242 meritis
652 1186 727 1262 capi.
844 1193 882 1245 ass

268 1281 299 1338 X
305 1280 516 1338 VI.-·Oicada
530 1290 560 1338 et
574 1281 703 1340 Noctua.
799 1319 801 1324 ·

85 1377 311 1437 Huuaurrarr
328 1376 377 1453 qui
392 1396 422 1435 se
436 1395 494 1435 non
510 1377 722 1450 accommodat,

86 1473 263 1551 Plerumque
276 1493 377 1552 poenas
391 1473 503 1552 oppetit
516 1473 667 1551 superbiae.

126 1570 238 1630 Cicada
252 1572 386 1630 acerbum
401 1571 525 1629 Noctuae
541 1571 703 1630 convicium

11 1743 14 1752 1
85 1668 237 1740 Faciebat,
252 1667 345 1727 solita
359 1667 468 1727 victum
483 1668 512 1728 in
527 1668 651 1727 tenebris
665 1688 803 1747 quaerere,

86 1766 226 1842 Cavoque
240 1784 321 1824 ramo
335 1784 438 1843 capere
449 1781 584 1824 somnum
599 1763 733 1825 interdiu.
845 1787 885 1824 am

87 1864 205 1942 Rogata
217 1871 260 1922 est
274 1873 307 1922 ut
319 1870 437 1922 taceret.
480 1861 576 1921 Multo
589 1863 712 1923 validius

87 1961 222 2022 Clamare
234 1960 331 2038 coepit.
375 1961 485 2018 Rursus
499 1960 647 2020 admonita
660 1981 755 2040 prece,

89 2062 223 2118 Accensa
237 2057 329 2134 magis
342 2066 396 2116 est.
439 2057 556 2117 Noctua
569 2067 603 2116 ut
616 2057 687 2117 vidit
700 2058 753 2118 sibi

89 2154 214 2214 Nullum
230 2173 292 2213 esse
307 2154 457 2227 auxilium,
472 2164 502 2214 et
514 2155 601 2214 verba
613 2155 759 2216 contemni
773 2176 837 2228 sua,

89 2253 157 2312 Hac
172 2258 216 2310 est
230 2269 368 2329 aggressa
382 2251 527 2329 garrulam
541 2251 679 2314 fallacia:
850 2275 889 2314 aas

88 2356 110 2384 ‘⁴
129 2349 262 2409 Dormire
275 2347 344 2425 quia
357 2369 404 2407 me
418 2369 475 2408 non
490 2352 589 2409 sinunt
601 2360 703 2410 cautus
717 2351 771 2423 tui,

90 2447 202 2506 Sonare
217 2445 328 2506 cithara
341 2465 415 2523 quos
429 2455 514 2525 putes
528 2447 681 2526 Apollinis,

90 2545 198 2603 Potare
212 2552 255 2602 est
268 2544 382 2602 animus
397 2553 507 2614 nectar,
522 2544 601 2622 quod
617 2544 715 2605 Pallas
729 2545 799 2604 mihi

91 2642 194 2720 Nuper
206 2640 344 2700 donavit:
366 2640 389 2699 si
403 2661 461 2700 non
476 2642 599 2714 fastidis,
614 2642 689 2713 veni,
885 2631 888 2636 ’

90 2739 159 2798 Una
173 2737 336 2797 bibamus.”
379 2738 433 2796 illa
447 2757 513 2816 quae
529 2738 650 2798 ardebat
666 2739 724 2814 siti,
849 2749 890 2801 aar·

92 2835 188 2894 Simul
203 2834 338 2912 cognovit
351 2853 451 2894 vocem
466 2833 577 2895 laudari
592 2855 684 2908 suam,

92 2930 210 3010 Cupide
221 2930 376 2990 advolavit.
420 2930 537 2991 Noctua
549 2928 663 3009 egressa
677 2953 694 2992 a
707 2953 779 2994 cavo

89 3028 298 3107 Trepidantem
312 3037 481 3088 consectata
494 3038 548 3103 est,
563 3040 594 3089 et
605 3030 664 3090 leto
678 3032 768 3091 dedit.

125 3160 157 3193 ¹⁴⁷
182 3159 287 3225 oppetit]
309 3160 467 3211 invenit—⁸³⁸
492 3161 534 3212 Est
555 3162 655 3225 animm]
677 3164 721 3213 lert
742 3181 780 3214 me
800 3166 894 3214 animus

93 3255 174 3290 meus.
