2298 3684
275 233 445 275 arreunrx
462 235 678 275 rasurarum.
845 217 889 274 ,65

94 367 156 436 Qui
170 368 252 441 dum,
266 387 303 428 ne
315 376 497 445 mergeretur,
506 368 604 427 tendit
617 367 750 437 validius,

91 448 233 527 *Praedam
247 465 397 542 conspexit
412 464 523 522 Miliius
538 473 653 543 propter
665 465 776 535 volans,
876 481 878 486 ·

96 563 272 640 Muremque
286 562 474 620 fluctuantem
490 562 586 640 rapuit
600 562 754 640 unguibus,
841 579 891 622 roos

97 657 251 735 Simulque
265 677 364 718 ranam
378 657 543 734 colligatam
557 659 682 717 sustulit.

139 755 190 815 Sic
203 775 281 834 saepe
295 756 439 814 intereunt
453 754 516 813 aliis
529 754 700 814 meditantes
714 775 824 816 necem.
838 787 841 795 ·

252 853 457 911 .Vll.-·Gatii
470 854 527 911 duo
541 861 571 910 et
586 854 744 929 Accipiter.

95 950 246 1021 Gaurus,
262 970 329 1008 cum
344 949 431 1007 Gallo
445 968 522 1027 saepe
537 968 664 1028 pugnam
680 969 842 1022 conserens

99 1046 276 1124 Accipitrem
287 1047 380 1106 victus
389 1045 518 1126 judicem
533 1044 591 1104 litis
605 1045 685 1122 petit.

103 1145 173 1214 Hic,
189 1145 274 1202 ambo
287 1145 311 1204 si
323 1144 462 1214 venirent,
477 1152 573 1201 mente
587 1143 713 1222 concipit
846 1161 896 1203 roro

102 1241 193 1318 Spem
208 1240 373 1312 devorandi,
387 1241 437 1318 qui
452 1239 598 1300 exhiberet
611 1260 641 1298 se
655 1240 739 1318 prior.

103 1339 176 1396 Mox
191 1358 280 1414 quum
295 1338 416 1408 venisse,
431 1357 562 1396 caussam
578 1346 610 1394 ut
624 1347 739 1396 orarent
752 1358 844 1410 suam,

103 1435 196 1504 Vidit,
210 1434 360 1514 prehendit
374 1435 465 1506 illum,
481 1434 531 1512 qui
544 1435 652 1512 primus
665 1434 758 1494 forum
843 1469 844 1472 ¹

105 1531 237 1594 Deduxit·
248 1531 284 1590 ad
299 1551 382 1589 suum
397 1531 487 1590 litem.
531 1531 583 1589 llle
598 1531 769 1592 olamitans:

104 1636 124 1663 “
141 1629 187 1690 Ne
198 1629 310 1708 plectar
320 1647 388 1706 eg0,
402 1628 452 1688 sed
467 1628 524 1699 ille,
538 1628 587 1706 qui
602 1628 702 1705 fugam
716 1630 817 1707 petit.”
848 1647 898 1689 rore

105 1725 161 1784 Cui
175 1726 245 1797 alce,
260 1731 280 1760 “
296 1724 391 1784 Hodie
406 1734 484 1784 nete
499 1725 599 1784 credas
613 1723 757 1802 unguibus

105 1822 195 1880 Posse
209 1821 279 1900 eripi
292 1822 382 1880 meis:
404 1840 477 1900 quos
492 1820 571 1880 alteri
586 1821 668 1880 dolos

103 1918 266 1989 Tendebas,
281 1938 399 1995 aequum
412 1927 441 1977 te
453 1936 531 1975 nunc
545 1925 588 1975 est
601 1917 694 1995 ipsum
710 1919 802 1995 pati.''

147 2015 206 2082 Qui
221 2035 298 2094 saepe
311 2026 417 2074 tractat
430 2015 549 2074 aliorum
564 2033 661 2072 secum
675 2035 786 2089 necem,

109 2114 227 2191 ignorat
239 2112 322 2172 triste¹
333 2111 401 2190 quid
416 2111 469 2170 sibi
483 2112 576 2170 fatum
591 2122 680 2189 paret.
849 2121 900 2187 roeo

288 2209 551 2269 VIII.-Coclrlea
565 2219 594 2267 et
610 2209 726 2269 Simius.

110 2309 228 2366 Amonn
244 2315 323 2368 tacta
336 2305 444 2385 speculi
459 2305 566 2364 inventi
581 2307 718 2377 Oochlea‚

9 2433 10 2444 κ
50 2453 54 2460 .
109 2403 259 2482 Fulgentis
272 2404 369 2463 orbem
385 2402 538 2474 scandens,
550 2403 638 2481 caepit
652 2404 770 2481 lingere,

110 2503 159 2560 Nil
173 2500 214 2559 illi
228 2500 330 2558 melius
343 2499 498 2559 contulisse
513 2519 543 2556 se
557 2511 672 2578 putans,

109 2599 207 2666 Quam
222 2597 244 2655 si
259 2595 439 2674 splendorem
455 2596 679 2655 commacularet
692 2598 831 2658 sordibus.

111 2697 151 2754 Ut
165 2694 348 2771 inquinatum
363 2694 434 2752 vidit
448 2693 596 2771 speculum
610 2693 728 2765 Simius,
854 2715 903 2778 1⁶2⁵

111 2800 131 2828 “
148 2791 208 2860 Qui
222 2811 254 2848 se
266 2789 371 2850 calcari
384 2789 488 2849 talibus
502 2789 669 2867 permiserit,

112 2887 271 2958 Meretur‚”
284 2886 387 2964 inquit,
402 2892 422 2919 “
439 2886 496 2946 tale
510 2886 636 2945 dedecus
650 2889 739 2966 puti.'’

154 2984 229 3042 lloec
243 2983 306 3050 illis,
312 2993 355 3052 est
368 2981 474 3042 fabella
488 2983 593 3062 scripta
606 2983 739 3058 foeminis,

114 3080 225 3161 lneptis
240 3099 307 3158 quae
322 3100 352 3140 se
362 3079 492 3166 jupgunt
506 3091 535 3139 et
549 3081 643 3140 stultis
655 3082 729 3149 viris.

502 3196 519 3235 r
