2298 3684
249 207 286 268 to
509 225 664 272 tinette
680 227 785 266 nova

252 351 305 416 ttte
320 351 470 416 inridietut
485 364 569 416 nocte
578 355 719 435 jumentis
731 355 827 426 ducis,

249 451 324 512 (ium
340 461 417 514 verte
430 461 459 514 et
472 471 543 514 euro
556 461 587 512 et
600 469 707 532 magno
720 453 833 531 argenti
845 454 986 532 pudere,

251 549 360 612 Avertit
373 549 476 612 molor.
518 551 642 612 Factum
655 572 753 612 remor
764 551 906 630 ὥρη

252 646 387 724 Arguitur
402 647 506 715 Mileto
529 649 639 728 rapitur
652 649 682 708 in
696 649 874 728 praetorim
1012 669 1052 704 ne

247 743 321 806 'ium
337 743 481 824 Magnus:
504 745 617 814 “Quid
632 746 696 805 aiei
713 747 798 805 Tune
808 766 866 815 me,
876 744 1050 814 mmifim,

250 839 379 922 Spoliare
393 859 424 902 et
437 859 524 902 eutut
533 841 564 901 i''
587 843 641 902 lile
654 843 796 902 continuo
807 853 942 902 am

250 936 311 998 iiibi
327 937 355 1000 itt
371 937 514 1000 tinittrem
529 948 560 1000 et
570 949 688 1020 sputum
699 939 798 1017 digitis
810 939 937 1019 disjicit:

251 1040 269 1070 ‘⁴
286 1033 347 1108 Sic,
363 1035 531 1118 Imperator,
545 1035 623 1096 oculi
636 1035 836 1096 exstillescant
848 1036 917 1107 mei,

251 1130 281 1191 tit
297 1131 351 1192 vidi
368 1141 418 1196 out
432 1131 536 1212 titigi.''
575 1134 650 1194 Tum
664 1133 708 1191 vir
721 1133 811 1192 animi
824 1132 974 1211 simplicis,
1009 1152 1051 1192 us

253 1229 290 1288 ld
303 1228 424 1290 dedecet
436 1239 594 1290 castrorum
610 1229 731 1310 propelli
741 1231 828 1310 jubet

253 1324 314 1386 Neo
330 1324 434 1388 eadere
448 1328 479 1388 itt
493 1327 580 1389 iilum
595 1327 686 1390 credit
698 1337 814 1388 tentam
828 1326 992 1387 audaciam.

254 1423 342 1486 Forte
357 1424 519 1486 intercessit
527 1427 676 1504 prelium,
690 1435 720 1485 et
732 1426 826 1484 fidens
838 1445 928 1484 mareu

252 1521 408 1584 Horrenda
422 1542 488 1584 voce
503 1522 678 1602 provocabat
690 1524 840 1584 barbarus.

253 1619 313 1680 Sibi
328 1621 450 1702 quiaque
465 1620 577 1694 metuit,
591 1629 620 1681 et
635 1620 719 1700 primi
732 1629 863 1680 mussant
875 1619 976 1678 duoet.
1014 1639 1054 1676 reo

257 1718 364 1779 Tamen
377 1718 413 1790 it,
428 1715 558 1777 cinoedut
570 1716 671 1776 habitu
684 1716 735 1776 sed
750 1718 831 1776 Mem
843 1716 961 1789 viribus,

254 1815 338 1876 Adiit
352 1813 499 1875 rodentem
515 1831 566 1894 pro
580 1812 717 1873 tribunali
733 1812 849 1882 ducem,

253 1913 295 1972 Et
311 1930 378 1973 vooe
393 1911 488 1972 molli:
512 1919 531 1948 ‘⁸
549 1910 628 1972 Licet
638 1910 669 1970 i”
686 1910 840 1969 Enimvero
854 1909 931 1989 ejici,

255 2008 294 2066 Ut
308 2010 337 2068 iu
354 2027 383 2070 re
397 2007 497 2080 atroci,
512 2008 639 2088 Magnus
652 2007 837 2067 stomachans
848 2007 979 2085 imperat.

252 2105 327 2166 Tum
342 2105 459 2186 quidem
474 2105 572 2166 tenior'
582 2125 618 2165 ex
633 2104 732 2164 amicis
746 2104 904 2184 principis:
1013 2124 1052 2162 rer

254 2207 272 2238 ‘⁶
292 2200 368 2262 Hinc
383 2221 437 2282 ego
451 2201 592 2262 committi
605 2201 695 2262 setius
709 2201 836 2261 fortunae
851 2201 983 2273 arbitror,

256 2299 289 2360 in
304 2316 362 2378 que
372 2297 487 2378 jectum
499 2297 568 2358 levis
582 2309 636 2370 eet,
651 2317 739 2378 quam
753 2296 857 2356 sortem
869 2296 973 2370 virum,

255 2396 313 2468 Qui
327 2415 395 2458 coru
411 2395 504 2456 victur
517 2396 686 2456 temeritatis
699 2405 729 2455 te
744 2394 878 2473 arguet.”

256 2493 385 2556 Arteneit
399 2493 526 2572 Magnus
541 2503 570 2553 et
584 2493 712 2571 permisit
728 2491 815 2552 Militi

256 2591 373 2652 Prodire
386 2601 505 2659 contre:
529 2590 590 2669 qui,
605 2589 727 2650 mirante
740 2588 878 2662 exercitu,
1015 2609 1056 2646 ιω

258 2689 344 2751 Dicto
357 2687 477 2748 celerius
490 2687 565 2748 hosti
580 2687 680 2746 recidit
692 2695 792 2766 caput,

257 2786 413 2864 Victorque
427 2785 518 2846 rediit.
562 2785 617 2844 His
631 2794 693 2844 tum
709 2783 866 2863 Pompeius
879 2801 984 2861 super:

256 2891 274 2922 “
291 2883 417 2954 Corone,
433 2883 529 2954 Miles,
544 2882 677 2962 equidem
692 2893 721 2941 te
735 2882 813 2940 dono
827 2881 931 2954 libens,

257 2983 333 3054 Quia
349 2979 501 3042 vindicisti
515 2980 630 3042 leudem
645 2980 770 3040 Romani
784 2979 901 3058 imperi:

289 3123 317 3155 '²⁸
337 3123 368 3172 tte
380 3125 404 3171 irr
415 3139 440 3171 re
450 3119 535 3184 atroci]
553 3122 611 3186 quie
626 3119 742 3170 exercitus
760 3117 886 3167 Romanus
901 3113 991 3180 reliquid
1009 3115 1052 3166 de·

255 3202 335 3261 decue,
347 3199 415 3267 queri
426 3213 529 3267 pugnare
539 3197 629 3256 vitaret,
641 3195 762 3246 admittere
772 3195 903 3245 videbatur.
