2298 3684
254 217 293 280 82
517 237 671 278 racanas
687 237 793 278 soum.

255 369 376 446 Semper
389 365 495 428 lucatee
510 366 576 446 plus
590 367 724 426 vetustati
739 367 817 427 favet

255 464 368 526 Invidia
382 463 513 538 mordax,
528 483 616 543 quam
634 464 717 523 bonis
731 463 933 542 praesentibus.

476 562 655 620 I.-Simias
668 571 698 622 et
718 563 837 639 Vulpes.

255 661 397 720 Vuaenn
413 659 534 738 rogabat
548 669 658 737 partem
673 659 777 722 caudae
790 659 909 728 Simius,

255 757 417 834 Contegere
430 756 552 815 honeste
566 766 664 836 posset
679 765 711 814 ut
724 756 819 815 nudas
830 767 914 814 nates
925 775 932 814 :
1040 787 1049 818 a

256 853 312 912 Cui
326 853 367 913 sic
381 853 530 931 maligna:
553 860 572 886 “
590 853 713 931 longior
725 853 777 912 fiat
791 853 868 925 licet,

254 951 364 1012 Tamen
379 949 459 1010 illam
473 950 558 1010 citius
573 971 623 1030 per
636 952 729 1010 lutum
743 961 773 1010 et
786 951 884 1029 spinas
897 949 1024 1020 traham,

257 1043 367 1116 Quam,
381 1064 498 1123 parvam
513 1044 656 1122 quamvis,
670 1056 778 1124 partem
792 1044 938 1122 impertiar
951 1044 1060 1102 tibi.''s

284 1144 305 1201 Ι
305 1144 324 1200 Ι
325 1144 598 1204 .—Auctor-Non
612 1164 673 1202 csse
684 1144 755 1219 plas
766 1163 848 1220 oeqao
856 1143 1028 1219 petendum.

257 1239 388 1298 Arbitrio
403 1238 427 1298 si
443 1240 711 1318 Naturoestauisaet
725 1259 789 1300 meo

259 1335 361 1395 Genus
373 1335 505 1410 mortale,
521 1337 606 1416 longe
620 1337 694 1396 foret
707 1337 891 1398 instructius:

259 1433 335 1492 Nam
351 1443 458 1496 cancta
473 1434 555 1494 nobis
569 1433 745 1494 attribuisset
757 1435 929 1507 commodae,

263 1531 449 1610 Quaecunque
460 1531 615 1610 indulgens
629 1531 757 1590 Fortuna
771 1532 890 1592 animali
903 1531 1004 1592 dedit:

259 1627 429 1706 Elephantis
444 1628 527 1701 vires,
542 1638 571 1688 et
585 1627 688 1687 Leoms
703 1629 855 1707 impetum,
1036 1653 1062 1688 ro

263 1727 393 1786 Cornicis
407 1746 512 1798 aevum,
526 1725 646 1804 gloriam
659 1726 747 1785 Tauri
762 1727 861 1799 trucis,

259 1821 336 1901 Equi
349 1823 454 1882 velocis
467 1822 614 1901 placidam·
626 1823 890 1896 mansuetudinem,

259 1919 297 1978 Et
310 1919 442 1979 adessent
455 1919 565 1982 homini
575 1939 629 1978 sua
641 1929 738 1978 tamen
753 1920 878 1980 solertia.

260 2014 404 2074 Nimirum
418 2016 448 2074 in
463 2015 536 2076 coelo
552 2035 650 2076 secum
665 2015 739 2074 ridet
752 2018 770 2076 J
773 2017 896 2096 uppiter‚

262 2112 335 2171 Haec
350 2113 399 2190 qui
415 2114 529 2190 negavit
542 2133 649 2191 magno
664 2113 784 2172 consilio
798 2113 972 2183 hominibus,
1035 2135 1059 2170 rs

262 2207 308 2266 Ne
323 2219 468 2288 sceptrum
484 2209 586 2268 mundi
600 2203 711 2288 raperet
726 2222 823 2270 nostra
836 2210 996 2271 audacitas.

262 2305 340 2383 Ergo
353 2305 482 2364 contenti
496 2325 613 2365 munere
628 2307 727 2366 invicti
740 2309 835 2380 Jovis,
915 2361 921 2370 .

261 2397 370 2458 Fatalis
384 2417 476 2458 anuos
490 2398 676 2460 decurramus
690 2403 839 2480 temporis,

264 2496 327 2556 Nec
342 2497 407 2577 plus
421 2516 558 2560 conemur
572 2519 659 2576 quam
673 2498 740 2558 sinit
753 2500 922 2559 mortalitas.

378 2597 658 2656 Ill.-Mcrcarius
671 2606 700 2655 et
715 2599 858 2657 Mulieres
871 2600 945 2656 dae.

206 2757 208 2764 Α
264 2691 477 2752 Mancuarum
491 2692 638 2770 quondam
653 2692 775 2774 hospitio
790 2694 932 2753 Mulieres
940 2693 1008 2753 duae
1035 2715 1063 2752 es

264 2786 401 2846 Illiberali
415 2797 445 2846 et
459 2789 576 2848 sordido
591 2801 777 2870 receperant:

263 2883 394 2950 Quarum
407 2904 467 2944 una
480 2885 510 2944 in
525 2886 608 2945 cunis
622 2907 741 2966 parvum
754 2888 882 2947 habebat
895 2888 1001 2962 filium,

263 2981 552 3059 Quaestusplaoebat
566 2983 646 3042 alteri
660 2985 846 3057 meretricius,

264 3079 341 3155 Ergo
355 3088 388 3136 ut
402 3077 517 3138 referret
531 3080 652 3158 gratiam
667 3081 768 3142 officiis
782 3101 892 3160 parem,

264 3177 403 3238 Abiturus
417 3187 446 3238 et
456 3177 519 3256 jam
534 3177 622 3240 limen
636 3178 777 3242 excedens
792 3180 855 3240 ait:
1037 3201 1062 3240 as
