2286 3696
237 219 281 294 'lo
352 251 487 292 eunom
504 249 708 292 ranunnnuu
728 250 926 293 asormnuu

241 379 321 458 Lupo
336 387 496 459 sponsore3
518 387 550 438 at
562 378 612 440 illa
625 378 819 458 praemetuens
833 372 955 452 dolum,¹
1014 371 1018 378 ’

240 481 259 511 “
277 476 392 555 Rapere
407 485 495 553 atque
509 475 715 556 abire'semper
729 473 855 535 assuevit
870 476 987 556 Lupus:

238 571 335 632 Tude
349 582 507 651 conspectu
521 572 621 650 sugere
634 571 725 632 veloci
740 572 869 650 impetu:
903 569 907 575 ’
996 589 1036 634 ero

242 668 299 728 Ubi
313 689 362 728 vos
375 669 530 746 requiram,
545 689 612 728 cunr
626 668 688 729 dies
703 668 851 729 advenerit
860 669 893 728 ?’'
964 715 966 720 ,
1030 683 1033 690 “

384 767 414 824 Χ
421 768 618 840 HL-Oua’s,
638 767 728 828 Oanis
743 776 773 826 et
786 768 897 842 Luper.

241 864 368 924 Sotnur
381 863 536 928 mendaces
548 863 625 924 luere
639 882 739 942 poenas
755 863 888 923 malefici.

282 959 483 1040 Calumpiator
497 961 599 1020 above
613 979 679 1020 cum
693 969 804 1038 peteret
817 960 909 1031 canis,
1011 1010 1013 1016 ,

241 1058 338 1125 Quem
351 1055 550 1122 commodasse
564 1077 670 1135 panem
685 1077 715 1117 se
729 1057 930 1130 contenderet,

243 1155 353 1235 Lupus,
368 1155 474 1220 citatus
487 1155 578 1226 testis,
593 1173 652 1214 non
666 1173 756 1215 unum
772 1154 858 1216 modo
936 1173 938 1178 ’
1003 1173 1043 1216 tro

245 1252 451 1324 Deberidixit,
465 1271 562 1313 verum
577 1247 731 1312 affirmavit
742 1251 854 1312 decem.
963 1297 967 1304 .
1017 1301 1023 1312 ,

243 1349 325 1421 Ovis,
339 1348 480 1416 damnata
493 1347 567 1408 falso
581 1348 768 1420 testimonio,¹
832 1397 835 1403 .

243 1433 331 1514 ¹Quod
345 1466 404 1504 non
417 1445 554 1518 debebat,
569 1445 671 1513 soloin
693 1455 762 1524 post
777 1462 886 1523 paucos
899 1443 962 1504 dies
977 1463 983 1521 j
1005 1463 1009 1498 z

244 1543 353 1608 Bidens
363 1544 509 1622 jacentem
524 1543 554 1602 in
568 1542 652 1602 fovea
666 1541 816 1620 prospexit
829 1541 952 1620 lupum:
1032 1561 1035 1572 ·

244 1647 264 1674 “
279 1641 382 1712 Haec,”
391 1640 497 1718 inquit,
509 1647 528 1676 ‘⁶
538 1659 647 1700 merces
656 1639 791 1698 fraudisa
804 1641 914 1718 superis
926 1635 1043 1700 daturd’

402 1738 432 1795 X
439 1737 687 1796 Vtin-Mulier
701 1736 891 1796 Parturiens.
986 1739 988 1744 ’

245 1833 342 1892 Neruo
356 1833 476 1892 libenter
490 1832 600 1904 recolit,
615 1832 666 1911 qui
681 1832 765 1904 laesit,
780 1833 887 1892 locum.
913 1835 916 1843 '
1001 1877 1007 1900 ί
1030 1877 1036 1888 .

244 1981 246 1988 .
286 1931 418 1994 Instante
432 1939 515 2008 partu
531 1928 633 1989 mulier
647 1929 719 1990 actis
733 1929 890 1997 mensibus⁸
937 1933 939 1936 ’

247 2027 345 2085 Humo
355 2027 474 2105 jacebat
488 2025 597 2085 flebiles
611 2026 735 2104 gemitus
749 2027 839 2086 ciens.

246 2122 298 2181 Vir
311 2133 354 2182 est
368 2123 509 2195 hortatus,
523 2143 628 2202 corpus
639 2124 716 2182 lecto
729 2124 879 2203 reciperet,

246 2220 330 2280 Onus
344 2229 454 2288 naturae
469 2220 572 2280 melius
585 2240 643 2298 quo
657 2220 825 2300 deponeret.
1007 2237 1047 2280 aas

247 2309 378 2384 Minime,
394 2313 499 2391 inquit,
514 2313 564 2372 ilio
578 2332 661 2392 posse
676 2313 792 2373 confido
807 2313 872 2376 loco
915 2369 918 2374 .

248 2409 362 2468 Malum
376 2409 461 2481 finiri,
474 2430 534 2488 quo
550 2420 724 2490 conceptum
739 2420 783 2469 est
797 2409 889 2469 initio.

428 2506 859 2569 XIX.-CanisPorturieus.
961 2534 964 2538 ·

249 2574 387 2662 liuram
402 2603 519 2664 insidias
534 2603 658 2663 hominis
672 2603 822 2664 blanditiae
837 2603 924 2672 mali;
1036 2659 1040 2666 .

247 2701 330 2768 Quas
342 2710 375 2758 ut
389 2699 522 2772 vitemus,
537 2721 635 2759 versus
650 2701 773 2780 subjecti
787 2712 918 2760 monent.

290 2795 554 2875 Canisparturiens
569 2817 635 2875 cum
650 2795 779 2876 rogdsset
793 2796 923 2872 alteram,
1009 2817 1051 2856 aso

244 2873 290 2953 ,Ut
305 2893 406 2952 foetum
420 2891 449 2952 in
464 2895 526 2974 ejus
540 2891 656 2970 tugurio
670 2893 837 2971 deponeret,

245 2989 349 3050 'Facile
364 2990 542 3068 impetravit:
565 2989 632 3050 dein
646 2991 807 3070 reposcenti
822 2990 920 3050 locum
974 2996 977 3002 '

251 3088 357 3172 Precesv
371 3085 509 3160 admovit,
523 3080 638 3168 tempus
652 3107 774 3147 exorans
788 3088 881 3158 breve,

424 3217 453 3247 ²¹³
473 3217 644 3281 Calrrmniutor]
657 3217 731 3266 salsus
742 3226 874 3266 accusator.
