2286 3696
230 193 249 250 2
344 211 478 254 rumoni
496 211 701 252 rnrrusnuurr
719 211 913 252 nsorrnnuu

231 337 410 397 Calumniari
425 339 447 396 si
462 337 528 416 quis
543 347 640 398 autem
654 337 786 410 voluerit,
1014 361 1027 400 a

227 434 316 502 Quod
330 435 443 493 arbores
454 433 620 511 loquantur,
633 454 693 494 non
707 445 822 496 tantum
836 435 916 509 ferm,

203 609 205 612 Ι
228 531 318 591 Fictis
328 531 421 610 jocari
436 549 487 590 nos
500 530 659 590 meminerit
672 531 789 592 fabulis.

455 629 474 686 I
476 629 627 705 .-Lttpus
640 638 670 688 et
684 632 796 710 Agnus.

226 716 277 784 Au
292 725 384 786 rivum
397 725 520 786 eundern
536 725 623 804 lupus
635 735 770 804 stagnus
782 737 932 804 venerant,
954 761 962 774 ·
980 769 984 778 -

227 822 282 881 Siti
294 823 453 901 compulsi;
476 822 605 902 superior
618 824 714 883 stabat
727 823 823 903 lupus,
937 821 939 824 ’

227 919 382 997 Longeque
396 920 510 980 inferior
523 939 634 998 agnus:
655 931 726 980 tunc
741 922 824 982 fauce
839 922 969 1004 improba
1002 935 1026 984 tc

228 1017 312 1075 Latro
326 1016 474 1085 incitatus,
484 1017 573 1096 jurgii
587 1015 706 1078 causam
721 1018 827 1080 intulit.
992 1026 997 1030 '

226 1120 246 1150 “
264 1113 353 1186 Cur,'’
369 1114 472 1192 inquit,
484 1120 507 1148 ‘⁴‘
523 1114 718 1176 turbulentam
734 1115 826 1178 iecisti
842 1116 911 1176 mihi
1014 1175 1018 1179 .

225 1210 342 1301 Aquam
355 1209 505 1296 nitescit’
547 1209 668 1288 Laniger
682 1213 911 1286 contratimens,
986 1271 989 1278 .

226 1309 312 1376 “Qui
328 1327 454 1387 possum,
464 1308 691 1386 quaeso,·facere,
700 1309 777 1386 quod
789 1312 923 1388 quereris,
933 1311 1024 1392 rupe?

225 1406 253 1464 -A
267 1416 297 1465 te
311 1405 436 1465 decurrit
451 1405 582 1466 adrneos
596 1405 717 1465 haustus
732 1405 855 1484 liquor.’'
917 1399 919 1403 ’
986 1427 1026 1470 ‘rs

227 1502 435 1584 Repulsusille
448 1503 574 1562 veritatis
587 1502 704 1582 viribus,
744 1509 748 1520 ‘
889 1505 890 1511 ’

223 1606 246 1692 ξ(
259 1601 336 1660 Ante
346 1599 400 1660 hos
410 1620 459 1660 sex
472 1620 585 1682 meuses
595 1600 699 1678 males
711 1600 764 1674 ait,
777 1607 796 1682 ‘.‘
812 1601 909 1660 dixisti
923 1600 1024 1662 milri.”

113 1743 116 1749 .
227 1698 388 1778 Respondit
401 1717 503 1776 ugnus,
519 1705 539 1732 “
552 1697 695 1777 Equidem
708 1708 794 1757 natus
805 1717 862 1756 uon
873 1699 984 1760 erum.”=
1019 1751 1022 1761 ,

226 1804 245 1832 “
260 1795 356 1864 Pater,
368 1794 494 1867 hercule,
506 1797 603 1868 tuus‚''
614 1795 719 1874 inquit,
732 1794 910 1856 “maledixit
923 1794 1024 1857 mihi.”

225 1893 323 1972 Atque
337 1894 377 1952 ita
390 1901 553 1970 correptum
566 1891 675 1952 lacerat
689 1891 798 1972 injusta
811 1911 923 1953 nece-
998 1911 1025 1952 so

268 1991 343 2050 Haec
354 2001 469 2068 propter
480 1987 543 2048 illos
553 1989 660 2068 scripta
668 1998 713 2052 est
722 1990 854 2050 homines
867 1988 977 2063 rabula,

227 2088 286 2155 Qui
301 2087 375 2147 fictis
386 2087 481 2146 causis
494 2085 661 2144 innocentes
675 2085 852 2164 opprimunt.

395 2185 579 2243 II.-Ranae
595 2184 705 2260 Reqcm
715 2191 860 2259 petentes.

227 2282 374 2342 Annuus
389 2301 455 2340 cum
470 2279 604 2339 florerent
617 2278 711 2359 saquis
725 2278 847 2357 legibus,

227 2379 343 2440 Procax
357 2379 473 2438 libertus
486 2368 632 2436 civitatem
646 2370 771 2449 miscuit,

226 2477 421 2554 Fraeuumque
435 2473 519 2534 solvit
533 2473 685 2552 pristinum
701 2472 828 2534 licentia.
998 2493 1025 2534 rt

227 2573 306 2633 Hinc
318 2571 489 2652 conspiratis
502 2569 662 2630 factionum
676 2569 817 2648 partibus,

226 2671 332 2730 Arcem
345 2679 484 2750 tyrannus
497 2677 623 2746 occupat
638 2667 816 2728 Pisistratus.

227 2768 303 2828 Cum
317 2767 427 2827 tristem
440 2766 605 2826 servitutem
620 2763 723 2824 flerent
736 2763 836 2838 Attici,

227 2865 294 2926 Non
309 2865 379 2946 quia
391 2862 514 2924 crudelis
529 2861 589 2936 ille,
603 2860 805 2942 sedquoniam
820 2877 909 2938 grave
963 2917 967 2922 .

259 3008 279 3042 ¹⁰
296 3007 383 3072 Fauor]
398 3009 521 3060 some-¹⁸
538 3009 576 3058 Ar
590 3025 647 3057 mcor
662 3006 768 3070 haustus]
785 3006 816 3056 ud
830 3006 910 3056 locum
924 3006 967 3058 ubi
980 3021 1026 3071 ego

225 3085 475 3154 lautissimam-¹⁷]
488 3084 688 3150 Aliileguut'ait,
697 3083 910 3134 maledixistis-²⁴
924 3081 1026 3146 Prurur]

225 3167 329 3224 lascirsr
348 3162 456 3234 Miscuit]
468 3160 632 3216 turbarit—⁸⁸
651 3161 804 3228 Cnrrpirutir]
817 3160 933 3216 conflau's.
1018 3171 1020 3176 ’
