2286 3696
372 255 473 296 nmen
488 255 572 298 t’ltffl
580 257 631 298 US·

102 379 167 440 Hoc
182 378 278 444 bibere
287 381 376 462 jussit
389 383 495 464 ipsum,
507 384 603 463 posito
615 387 747 466 proemio.

100 478 213 538 limone
226 479 325 543 mortis
339 481 464 542 illelom
478 483 629 542 confessus
643 495 699 556 ert,

103 576 171 636 Non
186 576 255 638 artis
268 577 330 648 ulla¹
343 579 489 654 medicum
503 599 534 640 se
547 579 715 660 prudentio,¹

102 673 212 734 Verum
226 686 342 755 stupore
355 677 435 756 vulgi
450 677 564 738 lectum¹
574 679 715 740 nobilem.
820 713 822 720 ι

105 770 180 844 Rex,
195 771 336 832 advocata
349 773 500 846 concione,
514 774 581 834 haec
596 771 706 838 edidit:

103 875 123 902 “
140 867 268 936 Quantae
282 870 390 949 putatis
403 890 466 944 esse
480 889 531 932 vos
545 871 713 946 dementiae,

104 965 165 1034 Qui
178 967 275 1045 capita
286 977 381 1028 vestra
393 987 452 1027 non
466 967 609 1028 dubitetis
622 970 750 1043 credere,
847 1011 850 1017 -

104 1062 161 1122 Cui
173 1063 345 1131 calceandos
359 1085 450 1126 nemo
459 1065 604 1126 commisit
617 1067 705 1146 pedes
714 1069 747 1127 l’'

146 1161 212 1222 Hoc
224 1162 366 1242 pertinere
380 1181 444 1222 vere
459 1162 497 1223 ed
513 1163 578 1224 illos
592 1164 728 1237 dixerim,

104 1257 238 1326 Quorum
251 1260 373 1320 stultitia
386 1259 518 1340 qn'aestus
531 1259 721 1340 impudentiae
736 1271 791 1322 est.

251 1358 466 1418 XV.-Ast‘nns
480 1368 512 1419 et
525 1359 620 1418 Senes
635 1345 759 1419 Pastor.
821 1396 824 1408 ‹

105 1455 143 1512 ln
161 1452 322 1538 principatu
336 1451 546 1518 commutando
558 1456 667 1536 sepius
795 1483 797 1486 ·
870 1457 906 1524 ros

107 1550 157 1610 Nil
170 1561 274 1630 praeter
287 1550 397 1612 domini
411 1571 517 1626 nornen
532 1561 648 1615 mutent
658 1571 810 1632 pauperes.

105 1648 141 1709 Id
155 1667 218 1710 esse
230 1652 328 1710 verum
342 1669 430 1729 perra
442 1651 509 1711 haec
523 1650 635 1711 fabella*
646 1651 768 1712 indicat.

145 1746 277 1806 Asellum
292 1747 320 1807 in
334 1757 417 1828 prato
429 1747 702 1828 timidos'pescebet
717 1767 816 1821 senex,

107 1844 147 1917 Is,
161 1843 288 1904 hostium
300 1844 426 1906 clamore
439 1845 535 1906 subito
549 1839 675 1918 territus,
894 1837 897 1842 ’

107 1941 263 2006 Suadebat
269 1941 351 2002 asino
365 1941 476 2020 fugere,
486 1962 529 2002 rne
543 1953 662 2022 possent
675 1942 751 2023 capi.
854 1931 906 2002 coo

107 2040 149 2098 At
162 2037 210 2098 ille
222 2033 332 2110 lentus‚'
344 2045 364 2072 ‘⁴
380 2039 501 2114 Quaeso,
516 2059 586 2099 num
601 2041 683 2099 binas
693 2039 766 2098 ‘mihi
856 2075 858 2080 ι

108 2134 240 2196 Clitellas
255 2135 454 2214 impositurum
468 2137 606 2196 victorem*
618 2147 704 2216 putas
715 2137 747 2196 2’*

106 2233 206 2293 Senex
219 2233 346 2312 negavit.
386 2239 408 2268 ‘⁶
421 2233 584 2312 Ergovquid
598 2234 685 2294 refert
699 2253 776 2305 mea,

107 2330 165 2390 Cui
180 2331 311 2402 serviam,
324 2329 447 2390 clitellas
461 2330 532 2389 dnrn
548 2339 657 2409 portem
672 2331 792 2391 measl”

262 2465 266 2476 ·
316 2427 698 2489 xrs-ostenderem.

11 2545 12 2554 ¹
107 2525 313 2584 anoonron
328 2523 433 2585 nornen
448 2545 516 2584 curn
531 2525 610 2586 locat
623 2545 731 2604 sponsu
746 2525 887 2605 improbo,

108 2621 178 2682 Non
193 2641 252 2681 rern
267 2621 412 2702 expedire,
427 2621 478 2682 sed
492 2623 601 2683 malurn
616 2622 687 2682 dare
699 2607 820 2702 expetit.
896 2607 898 2614 ,

150 2718 244 2778 Overn
258 2721 380 2798 rogabat
394 2710 505 2780 Cervus
518 2719 648 2778 modium
663 2718 761 2798 tritici,

141 2831 172 2864 ¹⁸⁷
197 2831 339 2895 Prudentia]
357 2831 541 2896 scientie—²⁰⁵]
560 2829 578 2881 i.
598 2847 621 2884 e.
640 2847 696 2882 curn
712 2831 833 2884 fraudator
851 2832 910 2890 vult,

107 2909 264 2960 fraudulentis
280 2909 340 2960 datis
358 2909 466 2966 vadibus,
485 2910 611 2976 pecuniam
629 2925 645 2958 s
664 2897 775 2962 creditore
796 2909 910 2974 occipere,

107 2995 179 3052 atque
190 2986 224 3035 ita
236 3002 323 3036 nomen
340 3003 410 3052 suurn
424 2989 449 3035 in
465 2987 551 3036 tabulis
565 2985 685 3038 creditoris
700 2987 787 3036 locare.
805 2988 823 3034 i.
836 3002 859 3034 e.
873 2986 910 3036 iu·

107 3063 363 3129 scribereobpretium.
397 3063 448 3113 Alii
457 3063 558 3130 legunt:
583 3047 713 3116 Fdaudator
723 3063 841 3112 hominem
854 3078 909 3111 cunr

109 3149 178 3192 vocnt
199 3156 313 3208 sponsum
334 3139 558 3207 improbum-'³⁰
576 3141 634 3190 Rem
655 3141 769 3204 expedire]
794 3138 911 3190 solvendis

110 3217 216 3286 pecuniis
227 3234 352 3272 exonerare
364 3235 389 3269 se
400 3219 482 3287 culpa.
