2286 3696
355 255 456 296 trsun
472 257 636 303 suenrus.
860 239 906 298 45·

102 390 246 469 Majoretn
260 389 417 450 exhibeant
431 410 467 450 ne
481 389 533 449 tibi
546 389 718 449 molestiam.
781 431 782 434 η

143 487 207 546 Hoc
221 487 400 546 illisdictum
413 496 467 560 est,
482 487 568 564 siqui
583 485 663 545 stulti
678 496 831 560 nauseant,
846 479 905 554 roni·

102 584 153 658 Et,
167 594 200 643 ut
214 594 351 663 putentur
364 587 475 663 sapere,
490 583 595 643 coelum
609 576 783 662 vituperant.

293 733 297 744 ,
311 683 423 740 VIL-
429 684 534 758 Vipera
550 691 580 740 et
594 683 690 740 Lima.

104 777 359 838 Monoscronnn
376 777 426 856 qui
442 769 571 857 irlrprobo
584 773 672 837 dente
686 779 806 857 appetit,

105 875 172 933 Hoc
187 885 356 952 argumento
371 894 402 934 se
415 874 538 934 describi
553 875 667 934 sentiat.

147 972 181 1030 ln
195 972 342 1032 officinam
355 971 429 1031 fabri
442 963 521 1032 venit
535 972 653 1051 Vipera,

105 1069 180 1130 Hoec
195 1089 285 1147 quum
299 1079 434 1142 tentaret,
450 1070 547 1148 siqua
560 1065 605 1129 res
619 1078 694 1128 esset
707 1069 775 1144 cibi,
852 1069 906 1130 noo'

104 1166 216 1225 Limam
231 1165 394 1225 momordit.
438 1166 492 1225 Illa
506 1177 607 1226 contra
621 1159 788 1239 contumax,
864 1157 867 1208 Ῑ

105 1269 127 1296 “
139 1262 218 1330 Quid
227 1263 302 1335 me,’'
314 1261 418 1342 inquit,
429 1269 449 1314 ’ἒ
463 1262 561 1338 stulta,
573 1263 660 1321 dente
672 1273 772 1341 captas
787 1262 901 1335 laedere,

105 1359 202 1418 Omne
215 1359 333 1419 adsuivi
348 1360 453 1418 ferrum
466 1379 533 1438 quae
549 1360 698 1419 corrodere
711 1361 742 1419 i''

296 1458 378 1515 VIII
379 1491 427 1516 .-
436 1459 536 1534 Vulpis
551 1468 580 1516 et
595 1459 715 1516 Hircus.

105 1555 204 1614 Hono
218 1555 246 1612 in
262 1553 400 1633 periclum
415 1554 499 1612 simul
515 1574 548 1612 ac
563 1553 651 1625 venit,
666 1553 788 1612 callidus

106 1652 244 1729 Reperire
259 1648 397 1728 effugium
413 1651 529 1710 alterius
543 1653 648 1729 quaerit
662 1651 748 1710 malo.
855 1673 904 1709 nos

147 1749 223 1808 Cum
238 1748 393 1808 decidisset
407 1748 510 1828 Vulpis
525 1749 553 1806 in
567 1758 686 1827 puteum
701 1745 801 1820 inscia,
900 1783 906 1792 -

107 1846 145 1905 Et
159 1845 260 1906 altiore'
274 1845 457 1907 clauderetur
470 1847 609 1923 margine,

108 1943 233 2004 Devenit
247 1943 352 2002 llircus
368 1943 467 2002 sitiens
482 1943 511 2000 in
525 1943 650 2002 eundem
664 1942 779 2002 locum:

104 2041 199 2100 Simul
214 2042 333 2118 rogavit,
348 2049 424 2100 esset
438 2060 476 2099 sn
490 2040 583 2100 dulcis
596 2041 701 2118 liquor,

106 2138 145 2197 Et
160 2138 317 2217 copiosus?
339 2137 394 2197 llla
408 2137 541 2211 fraudem
555 2136 675 2196 moliens
687 2160 695 2206 ;
855 2159 905 2196 nro

105 2242 126 2270 “
143 2235 307 2306 Descende,
323 2233 424 2307 amice,
439 2243 522 2293 tanta
537 2234 650 2293 bonitas
664 2244 708 2293 est
722 2253 817 2313 aquae,

106 2331 410 2410 Voluptasut‘satiari
422 2350 482 2390 nou
495 2331 585 2409 possit
596 2332 690 2390 mea.''

108 2427 232 2488 Immisit
246 2447 275 2486 se
291 2427 452 2497 Barbatus;
475 2437 537 2487 tum
552 2427 716 2506 Vulpecula

108 2525 209 2584 Evasit
222 2535 320 2603 puteo,
335 2524 405 2583 nixa
417 2524 502 2584 celsis
516 2524 662 2595 cornibus,

107 2623 289 2700 Hircumque
302 2621 401 2680 clauso
417 2621 502 2699 liquit
515 2620 671 2680 haerentem
687 2620 772 2679 vado.
856 2641 906 2680 111⁵

289 2719 441 2778 IX.—De
464 2719 549 2778 Vitiis
563 2720 732 2777 Hominum.

108 2815 216 2876 Penes
232 2814 369 2893 imposuit
382 2815 497 2893 Jupiter
511 2815 593 2874 nobis
607 2815 680 2874 duas
695 2836 703 2883 ;

109 2911 236 2992 Propriis
250 2911 388 2990 repletam
404 2912 479 2970 vitiis
493 2921 559 2990 post
571 2921 685 2989 tergum
699 2911 791 2982 dedit,

106 3010 218 3070 Alienis
233 3019 300 3068 ante
315 3018 416 3088 pectus
430 3010 580 3087 suspendit
594 3029 721 3087 gravem.

138 3136 191 3200 ¹⁰⁹²]
200 3139 306 3204 sotello,
322 3138 404 3203 quales
422 3139 545 3204 AEsopus;
561 3139 664 3204 fobuloe,
683 3137 809 3203 tragaediae,
825 3136 907 3207 quales

107 3216 242 3282 AEschylus
252 3224 276 3266 et
286 3215 401 3282 Sophalcs
412 3216 562 3282 scripserunt.
624 3271 628 3280 .
893 3237 897 3249 .
